2072 3698
251 148 358 209 826
738 211 739 214 Ἴ
826 152 1350 205 PROLEGOMENA

254 291 478 344 libellum
524 294 724 359 Platoni
783 298 1140 347 abiudicaverit
1195 303 1346 364 atque
1400 297 1484 346 alii
1541 295 1734 349 cuidam
1792 295 1939 360 cique

256 367 430 430 ignoto
467 370 659 416 auctori
695 369 959 427 trilmerit,
1000 370 1079 433 qui
1119 371 1449 418 narrationem
1488 369 1539 416 in
1574 368 1783 416 Timaeo
1819 382 1938 432 pro-

257 437 472 502 positam
529 454 875 487 consummare
930 440 1149 490 voluerit
1198 447 1251 490 et
1309 440 1601 506 perticerci·
1695 439 1940 487 Maurum

257 509 308 556 in
345 507 504 557 Critia
539 510 699 558 hocce
735 511 809 558 vir
845 513 1162 560 acutissimus
1200 513 1473 561 arbitratur
1511 511 1730 559 divinum
1772 509 1942 574 Plato-

258 580 336 629 nis
380 580 630 645 ingenium
682 580 808 628 adeo
855 582 1169 645 desiderari,
1216 588 1273 632 ut
1309 584 1470 632 omuia
1507 581 1570 629 ad
1605 582 1776 629 inanes
1814 585 1945 627 tem-

260 666 438 717 porum
489 658 543 700 et
591 651 817 700 locorum
866 653 1316 719 descriptiunculas
1366 655 1603 712 redeant,
1661 651 1788 702 nihil
1837 649 1947 699 fere

262 737 439 770 eorum
475 729 924 785 commemoretur,
973 727 1104 774 uude
1150 742 1258 774 rem
1312 726 1511 773 maioris
1557 723 1797 772 momenti
1841 721 1947 785 agi-
2006 739 2012 743 ·

261 793 361 841 tari
409 794 512 840 ullo
567 793 714 842 modo
764 794 1052 861 suspiceris.
1138 797 1310 862 Itaque
1348 797 1490 861 operi
1528 792 1856 843 adeo'sterili
1891 806 1950 840 ac

263 878 428 928 paene
472 865 646 929 inepto
692 866 894 916 taudem
942 868 1164 917 Platonis
1216 883 1395 917 nomeu
1435 864 1795 916 detrahendum
1834 878 1953 911 esse

264 938 454 984 censet.
535 935 795 986 -Fatemur
852 953 972 988 sane
1032 941 1173 989 nobis
1241 955 1436 1004 quoquc
1491 939 1618 985 hauc
1664 937 1758 984 viri
1817 934 1956 984 docti

267 1006 554 1070 opinionem
602 1008 899 1072 aliquamdiu
946 1027 1042 1059 nou
1093 1013 1289 1060 omniuo
1341 1009 1686 1074 displicuisse:
1731 1006 1819 1055 sed
1855 1020 1955 1069 quo

269 1077 459 1126 diutius
498 1081 880 1144 accuratiusque
917 1097 1025 1130 rem
1064 1084 1226 1132 animo
1264 1081 1703 1138 consideravimus,
1742 1093 1804 1125 eo
1844 1092 1954 1124 cer-

269 1150 370 1197 tius
407 1147 621 1214 denique
657 1153 800 1200 nobis
837 1155 1179 1218 persuasimus
1216 1159 1381 1203 totum
1404 1151 1696 1217 opusculum
1733 1150 1805 1198 ita
1839 1163 1958 1197 esse

274 1227 649 1285 comparatum7
697 1230 754 1272 ut
788 1223 1013 1274 Platonis
1064 1226 1319 1291 ingenimn
1362 1230 1514 1288 atque
1559 1226 1782 1270 mentem
1816 1224 1960 1269 certe

269 1305 370 1341 non
418 1291 678 1345 dedeceat.
758 1294 885 1344 Nam
933 1298 1149 1363 primum
1194 1296 1394 1361 quidem
1440 1296 1552 1360 ipsa
1608 1292 1798 1355 oratio,
1861 1289 1961 1339 etsi

270 1367 558 1428 temporum
606 1366 784 1415 iniuria
829 1370 1052 1431 pessime
1099 1367 1280 1418 affecta
1316 1373 1424 1426 est,
1471 1370 1530 1415 ut
1563 1363 1773 1414 multam
1805 1362 1962 1412 conii·

274 1434 438 1484 ciendi
484 1441 635 1501 atque
680 1439 973 1488 emendandi
1023 1440 1455 1505 opportunitatem
1489 1437 1758 1500 largiatur,
1793 1439 1963 1482 tamen

273 1506 400 1555 nihil
435 1523 644 1572 prorsus
685 1509 841 1559 habet
877 1510 1008 1575 quod
1044 1511 1124 1560 vel
1160 1511 1221 1560 ab
1259 1517 1427 1559 aetate
1451 1507 1676 1557 Platonis
1712 1505 1788 1554 vel
1814 1506 1964 1554 etiam

276 1578 339 1626 ab
375 1578 534 1643 ipsius
573 1579 812 1644 loquendi
837 1598 930 1633 usu
954 1589 1008 1633 et
1044 1583 1408 1632 consuetudine
1445 1579 1722 1628 abhorrere
1757 1576 1967 1626 iudicari

276 1647 474 1699 debeat.
547 1651 695 1713 Quod
733 1669 881 1702 unum
919 1662 1267 1718 argumentum
1302 1655 1400 1702 iam
1441 1666 1534 1717 per
1560 1666 1617 1697 se
1653 1649 1816 1697 soliun
1854 1648 1967 1719 plu-

278 1717 460 1770 rimuin
499 1725 740 1772 momenti
779 1725 900 1774 facit
941 1727 1004 1774 ad
1040 1726 1158 1776 libri
1194 1725 1346 1775 fidem
1396 1722 1848 1784 auctoritatemque
1884 1735 1968 1766 su-

279 1791 611 1842 stentandam.
685 1795 808 1858 Quis
848 1801 929 1845 est
965 1797 1094 1845 enim
1133 1797 1252 1860 quin
1287 1800 1430 1844 certe
1467 1792 1630 1854 aliqua
1665 1790 1858 1840 fraudis
1885 1806 1969 1839 ve-

280 1863 431 1928 stigia
479 1863 580 1912 hoc
625 1865 673 1913 in
727 1881 917 1930 genere
968 1868 1307 1932 comparitura
1353 1881 1469 1914 esse
1519 1863 1617 1911 sibi
1654 1866 1971 1928 persuadeat,

282 1935 329 1983 si
362 1949 492 2000 opus
526 1936 588 1984 ab
625 1936 723 1985 alio
761 1939 993 2004 quopiam
1033 1939 1286 2003 scriptore
1323 1934 1657 2001 compositum
1693 1934 1797 1984 sit?
1869 1932 1971 1981 De-

280 2004 399 2057 inde
435 2004 626 2056 Critiae
661 2013 716 2056 ct
750 2009 1056 2075 reliquorum
1096 2010 1409 2059 convivarum
1446 2006 1646 2071 ingenia
1680 2012 1832 2070 atque
1867 2020 1977 2054 mo-

282 2092 367 2127 res
414 2081 514 2127 tam
568 2079 840 2130 artificiose
890 2082 1260 2148 depinguntur,
1311 2085 1370 2129 ut
1403 2079 1454 2128 iu
1488 2077 1587 2126 hac
1622 2076 1822 2141 quidem
1859 2075 1978 2125 libri

284 2153 431 2214 parte
464 2148 692 2200 Platonis
732 2151 1032 2219 elegantiam
1068 2153 1219 2202 facile
1252 2165 1496 2218 agnoscas
1523 2150 1808 2212 meritoque
1831 2146 1977 2196 dubi-

283 2226 396 2282 tes,
444 2227 508 2270 au
542 2223 779 2288 “scriptor
822 2224 999 2290 aliquis
1049 2224 1351 2291 posterioris
1409 2221 1589 2270 aetatis
1641 2219 1777 2270 haud
1829 2217 1978 2268 facile

289 2307 400 2341 eam
462 2297 599 2342 tanta
635 2294 879 2344 felicitate
913 2296 1154 2346 imitando
1181 2295 1465 2362 exprimere
1501 2291 1741 2357 potuerit.
1812 2289 1975 2339 Porro

289 2364 438 2413 etiam
484 2365 766 2430 priscorum
815 2368 1195 2418 Atheniensium
1247 2372 1407 2415 status
1457 2378 1578 2413 sane
1612 2362 1868 2428 praesenti
1903 2362 1979 2410 rei

287 2437 994 2503 convenienter‘prorsusque
1029 2440 1091 2488 ad
1131 2440 1288 2505 ipsius
1327 2435 1550 2487 Platonis
1597 2433 1856 2487 consilium
1895 2449 1978 2482 ac-

290 2509 605 2558 commodate
662 2510 992 2572 describitur,
1053 2511 1299 2576 siquidem
1360 2507 1685 2575 perspicuum
1750 2505 1979 2553 omuibus

291 2578 446 2628 debet
475 2595 590 2629 esse
634 2580 686 2630 id
708 2583 917 2631 maxime
945 2598 1006 2632 eo
1027 2582 1140 2631 loco
1169 2576 1265 2647 agi,
1301 2587 1360 2630 ut
1396 2594 1571 2628 eorum
1608 2591 1775 2625 mores
1815 2584 1867 2624 et
1902 2576 1978 2624 iu-

292 2650 475 2699 stituta
521 2653 749 2717 proxime
797 2653 859 2702 ad
903 2655 1118 2703 civitatis
1161 2653 1451 2703 Platonicae
1487 2646 1860 2697 similitudinem
1897 2664 1978 2695 ac-

294 2722 515 2772 cessisse
565 2728 823 2788 appareat.
901 2725 1085 2775 Restat
1126 2725 1282 2790 igitur
1319 2738 1413 2773 uua
1448 2721 1532 2770 illa
1570 2734 1715 2784 parsi,
1756 2734 1850 2781 qua
1888 2720 1980 2767 At-

296 2792 448 2842 lantis
510 2795 674 2843 insula
726 2796 1055 2857 describitur,
1103 2797 1151 2845 in
1219 2812 1315 2860 qua
1363 2795 1472 2859 ipsa
1519 2792 1670 2839 etiam
1734 2789 1982 2838 Sochc-

295 2879 411 2914 rus
449 2867 662 2915 maxime
700 2867 936 2927 offendit,
987 2868 1083 2916 uisi
1122 2867 1273 2915 fallor
1320 2871 1594 2931 propterea
1631 2859 1795 2924 quod,
1831 2876 1983 2926 quor-

298 2951 414 2984 sum
460 2937 684 3001 singulae
729 2938 1085 3003 descriptionis
1132 2946 1305 3004 parlcs
1355 2937 1641 3001 pertincant
1685 2938 1738 2979 et
1774 2949 1983 2996 quanam

299 3008 672 3057 necessitudine
724 3026 838 3058 cum
884 3011 1104 3059 universi
1151 3011 1322 3075 operis
1360 3012 1651 3072 argumento
1690 3007 1987 3057 continean-

301 3083 408 3137 tur,
446 3095 565 3127 sane
602 3096 698 3129 uon
739 3097 1094 3146 usquequaque
1133 3080 1422 3146 perspicias.
1492 3076 1681 3127 Verum
1729 3077 1985 3124 euiuuero

304 3164 367 3196 ne
413 3152 540 3199 haec
596 3152 794 3214 quidem
835 3153 1078 3201 dubitatio
1115 3151 1360 3200 eiusmodi
1399 3154 1505 3207 est,
1540 3153 1597 3194 ut
1631 3145 1692 3194 ad
1730 3147 1983 3195 infirman-

303 3219 414 3266 dam
456 3221 610 3270 libelli
646 3223 799 3272 tidem
838 3231 889 3273 et
923 3225 1276 3288 auctoritatem
1313 3222 1434 3271 satis
1465 3217 1645 3280 valenl-
1716 3218 1841 3267 Nam
1880 3222 1982 3285 pri—

302 3305 438 3339 mum
477 3294 675 3355 quidem
713 3294 838 3343 illud
875 3296 1160 3343 certissime
1196 3297 1433 3360 apparet,
1471 3289 1766 3340 felicitatem
1803 3297 1855 3339 ct
1890 3307 1987 3355 po-

306 3363 514 3411 tentiam
570 3366 792 3427 priorum
846 3366 1211 3416 Atlantidarum
1266 3375 1498 3428 tauquam
1550 3363 1811 3411 maximam
1872 3363 1987 3411 ideo
