2072 3698
216 244 220 249 .
261 203 337 256 28
845 198 1119 250 PROLEG
1129 197 1230 248 ΟΜ
1237 197 1388 249 ENA.

275 360 376 410 que
410 345 462 396 in
499 342 664 409 capite
701 341 843 405 qnasi
878 357 995 390 arce
1031 340 1195 402 aliqua
1233 341 1521 401 collocavit,
1564 346 1624 390 ut
1660 356 1861 392 sursum
1896 341 1961 391 ad

263 418 408 467 ‘coeli
456 422 780 479 conspectum
834 415 994 460 erecti
1034 412 1095 459 ad
1143 428 1312 460 rerum
1364 413 1853 464 divinarum‘curam
1901 430 1961 463 ac

277 489 654 537 meditationem
691 484 1102 548 perduceremur.
1175 481 1232 534 P.
1271 483 1355 535 87.
1395 482 1452 536 C.
1487 511 1561 520 --
1594 485 1681 534 90.
1731 485 1788 535 C.
1860 485 1964 535 iam

276 575 399 608 vero
446 559 640 608 dIvinae
687 566 924 609 naturae,
980 569 1107 615 quae
1154 554 1204 601 in
1251 556 1505 604 nobismet
1549 554 1671 619 ipsis
1721 557 1963 619 cernitur,

278 638 524 696 cognatae
561 633 677 677 sunt
713 628 961 675 motiones
1000 625 1156 672 totius
1194 641 1360 674 rerum
1411 628 1751 683 universitatis
1786 627 1961 676 coele·-

279 710 488 765 stesque
536 700 791 749 circuitus.
879 695 988 745 Hos
1028 697 1184 760 igitur
1222 705 1483 760 spectare,
1520 698 1615 747 hos
1655 700 1828 761 sequi,
1866 698 1963 747 hos

279 774 499 835 denique
544 771 730 819 imitari
777 782 1027 830 quemque
1079 767 1255 821 decet,
1306 774 1363 816 ut
1411 771 1652 837 circuitus
1701 771 1751 819 in
1798 771 1965 834 capite

277 852 454 894 nostro
493 859 584 907 per
619 840 1000 904 generationem
1026 844 1292 903 corruptus
1318 839 1714 904 conteinplandis
1746 842 1967 893 universi

277 915 551 965 harmoniis
588 921 641 959 et
675 911 1003 968 ‘concentibus
1043 911 1340 964 emendetur
1376 919 1528 975 atque
1562 928 1704 960 mens
1742 918 1797 961 et
1831 913 1966 961 ratio

275 987 335 1037 ad
376 986 635 1051 pristinam
687 988 895 1031 naturae
945 987 1149 1030 nostrae
1195 983 1431 1032 virtutem
1484 999 1658 1032 rursus
1703 979 1970 1032 evehatur.⁶

276 1059 374 1121 Qui
419 1056 619 1120 quidem
662 1055 800 1124 .vitae
845 1053 961 1102 finis
1009 1054 1293 1102 homiuibus
1341 1071 1369 1102 a
1424 1054 1518 1103 diis
1553 1056 1845 1119 propositus
1884 1058 1967 1105 est

279 1135 333 1184 et
368 1130 418 1177 in
454 1142 694 1191 praesens
735 1131 786 1173 et
822 1125 874 1174 in
912 1130 1176 1189 posterum
1212 1130 1430 1190 tempus,
1506 1125 1560 1174 P.
1598 1127 1685 1176 90.
1723 1125 1785 1177 D.
1984 1126 1986 1130 ’

416 1199 523 1258 En,
561 1197 984 1246 consideravimus
1020 1212 1148 1244 nunc
1186 1212 1313 1259 quae
1349 1197 1617 1259 exquirere
1655 1203 1803 1246 antea
1839 1210 1968 1245 con-

276 1271 632 1330 stitueramus,
679 1266 925 1333 siquidem
972 1266 1245 1331 disputatio
1295 1276 1468 1320 nostra
1517 1269 1579 1317 ab
1626 1284 1794 1316 rerum
1846 1267 1963 1315 uni-

274 1345 520 1391 versitate
561 1356 741 1388 exorsa
776 1342 871 1388 iam
912 1340 1141 1403 pervenit
1177 1339 1237 1386 ad
1275 1339 1520 1387 humanae
1555 1345 1762 1388 naturae
1799 1345 1967 1388 ortum

276 1418 508 1476 tanquam
539 1412 599 1460 ad
628 1413 815 1461 exitum
838 1428 1026 1462 suum<
1071 1410 1343 1473 Reliquum
1382 1416 1464 1462 est
1501 1416 1571 1471 uti
1593 1410 1669 1458 de
1705 1411 1968 1474 origine

276 1492 646 1534 ceterorum
686 1484 1058 1531 animalium
1099 1482 1447 1545 disputandum
1478 1481 1561 1532 sit.
1624 1482 1787 1544 Quum
1811 1481 1968 1544 igitur

273 1558 520 1626 principio
552 1556 783 1604 homiues
820 1570 992 1602 omn-es
1027 1560 1201 1602 essent
1238 1570 1403 1601 mares
1440 1568 1604 1615 neque
1641 1553 1744 1600 ulia
1765 1557 1970 1616 praeter

272 1630 412 1693 ipsos
431 1628 660 1675 animalia
682 1642 889 1688 usquam
912 1626 1414 1688 reperirentur-„tum
1441 1626 1490 1672 in
1511 1624 1733 1672 secundo
1757 1639 1971 1688 genera-2

271 1700 430 1750 tionis
466 1699 680 1747 circuitu
718 1697 918 1756 accidit,
955 1703 1012 1744 ut
1047 1698 1128 1759 qui
1153 1697 1314 1760 ignavi
1334 1702 1387 1743 et
1410 1696 1626 1759 improbi
1657 1696 1966 1754 extitissent,

275 1772 313 1821 ii
356 1772 408 1820 in
454 1769 672 1818 feminas
720 1774 1050 1818 mutarentur.
1087 1791 1090 1793 >
1135 1768 1246 1830 Quo
1296 1767 1496 1829 quidem
1548 1772 1779 1830 tempore
1818 1766 1969 1815 etiam

273 1843 398 1892 varii
446 1857 595 1891 sexus
642 1842 765 1902 orti¹
790 1846 907 1888 suut
942 1840 1159 1901 dataque
1209 1839 1493 1887 hominibus
1533 1838 1807 1886 liberorum
1846 1852 1970 1901 pro-

274 1913 605 1976 creandorum
665 1911 909 1976 cupiditas
980 1912 1173 1975 pariter
1231 1915 1384 1972 atque
1439 1909 1675 1962 facultas.
1772 1907 1970 1956 Deinde

274 1986 436 2034 avium
464 1984 654 2050 prodiit
678 1999 838 2048 genus
870 1999 930 2030 ex
961 1983 1023 2030 iis
1051 1983 1170 2031 viris
1195 1987 1385 2041 natum,
1428 1981 1529 2045 qui,
1568 1981 1769 2029 etiamsi
1794 1981 1842 2028 iu
1869 1979 1970 2027 vita

274 2057 395 2108 boni
433 2062 608 2104 essent
645 2063 699 2104 et
734 2052 1045 2114 innocenteS,
1083 2053 1506 2102 tameaanimum
1537 2066 1635 2101 non
1662 2051 1969 2100 avertissent

275 2144 306 2179 a
341 2129 578 2187 levitate,
633 2132 688 2175 et
737 2143 886 2191 quum
934 2141 1106 2173 rerum
1157 2124 1442 2189 sublimium
1494 2124 1737 2172 scientiae
1787 2128 1840 2170 et
1876 2136 1972 2169 co·-

274 2200 491 2266 gnitioni
536 2199 878 2259 studuissent,
927 2202 1096 2245 tamen
1145 2196 1377 2246 sensibus
1414 2198 1611 2243 tantum
1647 2193 1969 2254 tribuendum

275 2272 508 2322 arbitrati
558 2276 758 2330 essent,
805 2275 862 2317 ut
910 2268 1091 2316 horum
1141 2267 1356 2316 maxime
1406 2266 1592 2314 auxilio
1643 2264 1706 2313 ad
1740 2265 1971 2313 veritatis

276 2343 616 2408 cognitionem
664 2341 918 2407 perveniri
957 2340 1320 2390 existimarent.
1390 2337 1546 2386 Peior
1601 2337 1753 2384 etiam
1790 2350 1969 2401 eorum

276 2415 505 2465 condicio
543 2413 660 2473 fuit,
697 2413 781 2477 qui
816 2411 1053 2477 neglecto
1083 2411 1284 2460 omuino
1309 2410 1588 2474 sapientiae
1615 2407 1785 2456 studio
1821 2403 1971 2466 unice

273 2487 430 2536 rebus
469 2486 801 2534 terrestribus
828 2499 1033 2548 operam
1076 2485 1343 2530 navassent
1379 2496 1538 2544 seque
1561 2483 1703 2528 totos
1740 2478 1970 2528 dedidis-

276 2564 393 2609 sent
429 2557 791 2621 voiu'ptatibus.
863 2555 960 2618 Qui
998 2553 1197 2618 quidem
1229 2554 1362 2600 versi
1399 2558 1516 2600 sunt
1553 2551 1604 2601 in
1641 2565 1798 2614 genus
1838 2565 1967 2613 qua-

275 2629 557 2695 drupedum
613 2643 789 2692 prono,
825 2628 877 2676 in
927 2631 1114 2675 terram
1166 2620 1767 2688 capite‘incedentium„
1828 2620 1970 2669 luter

275 2700 372 2751 hos
404 2702 545 2766 ipsos
585 2705 754 2748 autem
799 2699 885 2763 qui
922 2697 1133 2762 pessimi
1171 2695 1461 2744 extitissent
1510 2708 1567 2741 ac
1606 2692 1755 2756 piane
1789 2706 1969 2740 vecor-

276 2773 399 2834 des,
444 2774 481 2821 ii
527 2767 703 2821 rursus
751 2771 982 2821 abierunt
1039 2769 1089 2818 iu
1144 2766 1367 2831 reptilia.
1456 2763 1685 2828 Denique
1737 2763 1969 2811 ultimum

275 2845 601 2907 infimumque
648 2843 816 2891 locum
871 2844 1016 2890 tenet
1059 2855 1218 2904 genus
1272 2836 1553 2885 animalium
1604 2835 1968 2898 aquaticorum,

275 2911 423 2980 quod
446 2915 656 2979 quidem.
685 2919 852 2962 ortum
890 2920 969 2960 est
1009 2926 1069 2959 ex
1106 2911 1198 2970 iis,
1247 2908 1332 2972 qui
1377 2908 1594 2955 omnium
1631 2908 1783 2969 longe
1821 2905 1970 2953 stoli-

274 2986 469 3034 dissimi
518 2987 834 3036 extitissent:
897 2982 1030 3045 uude
1080 2997 1176 3033 nec
1221 2979 1435 3033 liberum
1496 2978 1732 3026 hauriunt
1778 2978 1967 3030 aetem.

272 3055 330 3107 P.
368 3056 557 3108 anfi.
597 3085 658 3094 —
696 3057 786 3108 92.
822 3057 884 3108 Α.

418 3127 488 3175 Et
526 3128 623 3174 hoc
667 3128 865 3190 quidem
905 3124 1055 3176 modo
1093 3138 1222 3175 nunc
1260 3135 1487 3185 quoque,
1539 3119 1687 3167 sicuti
1710 3117 1773 3165 ⁴iu
1811 3114 1970 3179 prima

277 3199 625 3264 generatione,
664 3206 923 3248 mutantur
958 3198 1091 3245 iuter
1128 3211 1184 3244 se
1207 3192 1488 3250 animantia,
1528 3205 1654 3252 quae
1690 3203 1782 3251 pro
1821 3202 1968 3234 men-

276 3272 344 3319 tis
385 3285 441 3315 ac
481 3271 759 3331 sapientiae
808 3272 1122 3317 incremento
1171 3267 1249 3314 vel
1286 3264 1615 3311 decremento
1671 3267 1756 3308 aut
1792 3258 1968 3306 detru-

279 3343 466 3389 duntur
517 3342 728 3392 inferius
780 3348 865 3391 aut
909 3340 969 3390 ad
1027 3339 1205 3388 beatae
1251 3338 1384 3387 vitae
1422 3332 1777 3400 praestantiam
1816 3329 1967 3380 altius

289 3413 587 3464 metuntur.
