2072 3698
586 222 594 232 “
666 229 1062 282 ”ῙἸἶῢῖ.Ε(ἶ·ΟΜ
1071 228 1222 283 ENA.
1716 233 1788 285 51

109 375 158 424 vi
207 375 372 424 omnia
414 373 575 424 voluit
622 387 738 421 esse
782 375 1063 437 procreata.
1149 369 1223 418 Ex
1274 386 1373 435 quo
1418 371 1539 420 item
1577 375 1785 439 perspi—-
1836 400 1840 403 κ

109 461 256 495 cuum
305 446 459 495 debet
495 461 644 504 esse,
691 445 856 508 ipsum
906 457 1102 507 qnoque
1138 443 1187 490 in
1224 458 1282 490 ea
1323 443 1483 491 fuisse
1514 448 1784 507 sententia,

112 525 171 567 ut
206 519 256 566 in
293 533 462 566 rerum
505 516 754 580 principio
792 517 890 563 vim
927 517 1227 571 animantem
1263 515 1432 562 inesse
1472 522 1688 580 putaret.

248 589 418 652 Atque
442 588 570 635 haec
594 586 792 650 quidem
817 587 879 632 de
908 586 1079 648 primis
1106 584 1204 632 illis
1233 584 1440 634 ionicisz
1481 602 1605 651 quos
1632 604 1780 652 aper-

110 663 217 709 tum
255 664 338 708 est
372 659 467 725 risu
508 659 648 722 quasi
683 658 926 720 quandam
963 656 1164 704 vitalem
1186 657 1312 720 ipsis
1349 658 1500 706 rebus
1525 653 1782 720 tribuisse,
1838 676 1839 680 ¹

111 747 257 795 quam
287 738 454 779 tamen
492 728 552 777 ab
586 730 649 777 iis
672 728 901 778 ‚nondum
924 728 1262 788 seiunxerunt,
1300 730 1390 776 sed
1421 746 1530 777 cum
1571 729 1668 780 illis
1695 748 1781 778 vo-

109 801 316 851 luerunt
362 801 534 866 potius
583 805 871 848 concretam
922 807 1074 861 atque
1119 801 1427 867 necessitate
1478 817 1638 866 prope
1687 818 1776 850 co·-

109 872 350 957 putatam.
449 870 579 920 Dum
635 887 756 918 vero
814 872 879 919 de
938 872 1101 918 causis
1173 886 1341 919 rerum
1402 877 1582 936 atque
1625 873 1781 922 initiis

107 945 209 992 isto
245 942 397 992 modo
435 948 515 992 est
551 942 915 1006 disceptatum,
950 941 1139 989 factum
1180 949 1288 997 est,
1328 947 1381 990 nt
1417 945 1577 992 auctis
1614 944 1783 1009 philo-

113 1014 375 1079 sophando
426 1014 615 1063 viribus
667 1014 816 1061 animi
862 1012 1117 1077 paullatim
1174 1029 1201 1060 a
1251 1015 1404 1061 rebus
1454 1016 1545 1063 snb
1600 1018 1797 1067 sensus'

109 1086 352 1134 subiectis
388 1089 718 1137 avocarentur
757 1090 811 1134 et
846 1084 905 1132 ad
946 1100 1001 1131 ea
1052 1083 1411 1133 consideranda
1446 1087 1784 1138 traduceren*

110 1162 221 1218 tur,
267 1170 395 1221 quae
443 1157 552 1206 sola
598 1162 772 1205 mente
814 1161 868 1204 et
902 1155 1234 1220 intelligentia
1271 1157 1783 1221 comprehenduntur.

109 1229 222 1291 Quo
269 1229 437 1277 evenit
483 1227 692 1289 deinde,
744 1233 800 1276 ut
844 1227 918 1276 vis
970 1226 1055 1274 illa
1092 1226 1362 1286 animandi,
1407 1245 1551 1292 qnam
1590 1230 1782 1280 Thales

110 1296 296 1364 aliique
339 1315 453 1348 cum
503 1299 920 1348 1·erum'·materia
967 1305 1255 1346 concretam
1293 1304 1586 1363 putassent,
1622 1302 1683 1350 ab
1721 1319 1782 1354 ea

109 1370 508 1436 distingueretur
543 1375 695 1434 atque
733 1372 1099 1433 seiungeretur.
1173 1370 1459 1434 Quanquam
1498 1372 1595 1420 hoc
1623 1373 1781 1437 pede-

108 1443 289 1491 tentim
323 1442 669 1492 tantummodo
705 1442 776 1489 ita
811 1440 1002 1490 sactum
1042 1445 1136 1489 est.
1208 1440 1462 1490 Mittimus
1499 1444 1658 1505 alios,
1697 1447 1782 1509 qui

105 1511 206 1562 hoc
241 1514 356 1562 loco
393 1514 778 1562 commemorari
816 1517 1045 1576 possunt.
1116 1510 1283 1561 Unum
1322 1514 1784 1578 Anaxagoramat-

107 1600 206 1650 que
242 1584 594 1650 Pythagoreos
631 1585 682 1632 iu
720 1590 1049 1646 conspectum
1088 1582 1371 1646 producere
1408 1585 1603 1647 placet,
1653 1603 1784 1651 quo·-

105 1671 220 1705 rum
253 1659 450 1704 ratione
491 1653 638 1704 Plato
686 1656 759 1702 sic
809 1665 939 1701 usus·
978 1659 1088 1711 est,
1139 1659 1197 1702 ut
1247 1654 1309 1702 ab
1357 1656 1417 1702 iis
1467 1658 1785 1720 potissimum

109 1742 231 1776 suae
280 1726 964 1775 doctrinaefundamentum
1013 1726 1255 1773 sumsisse
1304 1726 1545 1780 videatur.
1619 1729 1785 1792 Quum

109 1799 266 1864 igitur
300 1797 597 1864 philosophi
638 1797 791 1847 lonici
828 1798 1027 1860 priores
1064 1797 1274 1846 maxime
1310 1798 1359 1846 in
1396 1798 1622 1863 physicis
1660 1803 1787 1850 snb-

109 1870 393 1933 fluissent,
442 1875 646 1918 exortus
686 1874 768 1917 est
801 1868 1253 1917 Hermotimus
1301 1869 1781 1934 Clazomenius,

110 1942 196 2006 qui
243 1941 592 2006 etsipoiitica
635 1944 688 1989 et
734 1940 949 2004 mystica
998 1941 1233 1988 utebatur
1274 1940 1664 2005 philosophandi
1701 1961 1783 1993 ra-

107 2014 275 2074 tione,
319 2017 487 2062 tamen
533 2013 583 2061 iu
630 2011 1006 2077 perscrutandis
1043 2028 1100 2060 ac
1139 2013 1540 2077 pervestigandis
1576 2021 1784 2065 naturae

108 2085 301 2133 arcanis
346 2089 450 2133 tam
496 2084 752 2132 subtiliter
798 2088 1025 2131 versatus
1071 2076 1296 2145 est9'ut
1342 2086 1532 2148 primus
1589 2087 1785 2137 dicatur

109 2154 363 2219 cogitandi
406 2158 460 2204 et
504 2153 804 2219 imaginandi
852 2155 948 2202 ιίιη
995 2154 1179 2203 clarius
1230 2157 1524 2219 exposuisse
1574 2173 1785 2224 eamque

108 2228 294 2276 mentis
338 2228 540 2276 nomine
593 2190 944 2291 ειδρρεΗεινίεεε
1033 2225 1283 2287 Quocirca
1341 2229 1492 2276 etiam
1553 2232 1784 2313 corporis

107 2290 269 2346 nostri
319 2313 526 2348 munera
575 2305 629 2345 et
680 2297 852 2345 officia
899 2298 1098 2345 censuit
1145 2313 1205 2345 ex
1241 2293 1389 2345 animi
1426 2301 1638 2362 imperio
1672 2314 1784 2350 sus-

111 2368 293 2433 pendi,
350 2370 402 2417 in
460 2383 559 2433 quo
603 2384 702 2417 uno
754 2370 948 2418 inesset
1005 2368 1079 2415 xis
1139 2384 1224 2417 res
1273 2371 1417 2417 nobis
1452 2373 1789 2423 circumdatas

111 2439 426 2505 percipiendi
470 2445 623 2503 atque
672 2438 1040 2503 cognoscendix
1078 2441 1196 2502 quin
1231 2441 1380 2488 etiam
1417 2440 1608 2491 divinae
1639 2460 1787 2494 men-

113 2513 179 2560 tis
237 2513 332 2559 vim
393 2510 636 2575 quandam
673 2511 718 2559 si
755 2525 858 2574 non&
887 2509 1232 2570 intellexisse,
1267 2517 1320 2559 at
1358 2519 1501 2561 certe
1539 2515 1811 2565 divinasse¹

110 2581 281 2631 multis
316 2582 450 2630 visus
491 2587 589 2633 est.
623 2597 669 2630 v·
706 2581 990 2635 Aristot.
1027 2580 1155 2632 Met.
1193 2580 1231 2632 1.
1269 2585 1320 2630 3.
1356 2581 1523 2636 Sext.
1548 2585 1788 2650 Empir.

112 2653 221 2706 adv.
257 2653 420 2705 Math.
469 2652 556 2705 IX.
607 2653 659 2701 7.
697 2653 761 2704 al.
834 2652 935 2701 Sed
971 2653 1098 2700 haec
1136 2658 1390 2717 utcunque
1428 2671 1544 2703 sese
1581 2658 1786 2721 habent,

109 2724 235 2774 illud
271 2715 473 2790 quidem
521 2730 716 2775 certum
755 2730 1017 2808 putamus,
1065 2724 1199 2772 hunc
1247 2730 1333 2773 aut
1381 2726 1529 2775 ulium
1567 2729 1787 2792 aliquem

111 2786 530 2860 Anaxagorae
566 2797 692 2844 viam
729 2797 999 2845 munivisse
1035 2796 1096 2843 ad
1136 2811 1244 2844 eam
1283 2790 1601 2860 senteutiam,
1642 2817 1786 2864 quam

112 2884 292 2952 magno
341 2884 452 2916 cum
503 2867 860 2932 philosophiae
906 2868 1038 2924 bono
1093 2867 1154 2914 ab
1214 2882 1276 2914 eo
1322 2869 1618 2931 explic-atam
1668 2888 1787 2921 esse

115 2940 359 2991 novimus,
434 2941 481 2988 Is
521 2940 650 2987 enim
689 2939 896 2987 reiectis
933 2940 1250 3002 superiorum
1281 2939 1699 3004 philosophorum
1723 2944 1788 3006 de

113 3025 287 3059 rerum
334 3015 508 3059 natura
563 3010 879 3075 opinionibus
927 3009 1025 3057 duo
1083 3011 1256 3072 posuit
1316 3025 1482 3058 rerum
1543 3014 1788 3078 principia

118 3097 279 3145 eaque
338 3082 473 3130 inter
517 3096 572 3129 se
623 3081 820 3128 diversa
872 3084 926 3128 et
974 3082 1236 3144 opposita:
1287 3096 1396 3130 nam
1447 3089 1500 3130 et
1547 3089 1789 3135 materiae

115 3159 313 3201 causam
360 3154 643 3216 primariam
693 3151 968 3216 indagavit,
1018 3159 1072 3199 et
1120 3157 1343 3200 mentem
1396 3155 1577 3202 statuit
1621 3157 1681 3204 ab
1731 3174 1791 3207 ea

117 3225 393 3272 seiunctam
441 3230 595 3287 atque
644 3226 692 3272 in
739 3239 796 3271 se
832 3224 1072 3280 liberam,
1122 3239 1247 3286 quae
1285 3240 1451 3272 rernm
1493 3227 1789 3276 unm-nsua-

118 3302 219 3344 tem
258 3294 578 3343 condidisset.
671 3295 974 3358 Quamquam
1015 3295 1063 3342 in
1112 3294 1243 3357 expli
1249 3296 1415 3344 caudis
1451 3298 1601 3344 ithus
1639 3307 1788 3347 natu-

116 3367 302 3415 ralibus
349 3345 442 3414 sibi
496 3381 594 3414 non
641 3369 763 3414 satis
813 3367 1105 3414 constitisse
1148 3367 1400 3429 arguitur,
1459 3369 1521 3414 de
1583 3386 1674 3430 qua
1731 3385 1788 3418 re

119 3453 162 3486 v.
223 3437 384 3489 Plat.
450 3435 705 3487 Phaedon.
763 3453 814 3502 p.
879 3437 965 3490 98
1031 3437 1092 3485 Β.
1141 3436 1196 3485 C.
1266 3438 1435 3501 ibique
1501 3438 1828 3503 inntens

1296 3534 1388 3584 6*
1466 3542 1468 3546 ’
