2072 3698
239 189 314 252 lo
813 186 1363 247 PROLEGOMENA.

239 334 354 382 tuat
386 329 454 382 de
482 328 658 397 ¹mnndi
696 335 827 383 ortu.
899 329 995 382 Cui
1021 330 1347 395 disputationi
1366 333 1647 398 praemittit
1680 333 1922 401 quaedam

237 402 306 452 de
338 419 510 454 rerum
544 403 938 469 intelligibilium
972 407 1028 453 et
1060 403 1473 468 adspectabilium
1509 406 1813 458 discrimine.

383 473 542 537 Duo,
578 475 766 540 inquit,
802 479 919 526 sunt
950 489 1168 524 rerum
1201 488 1480 539 genera,
1513 478 1750 538 alterum,
1786 476 1922 543 quod

237 550 323 597 est
372 547 765 611 sempiternum,
810 549 1080 605 constane,
1134 545 1296 595 omnis
1347 563 1528 613 expers
1561 549 1919 599 vicissitudinis

236 634 335 669 nec
369 634 586 681 unquam
624 623 818 676 ortum;
853 617 1097 675 alterum,
1135 616 1269 681 quod
1302 616 1459 669 habet
1493 636 1582 682 ea,
1631 636 1760 686 quae
1796 620 1919 670 sub-

233 691 370 741 iecta
416 690 708 739 mutationis
756 687 1085 736 vicissitudini
1131 694 1284 753 atque
1329 697 1569 754 generata
1602 697 1736 745 sunt.
1806 691 1919 743 Ho-

236 778 356 813 rum⁴
404 759 620 810 alterum
679 759 1014 822 intelligentia
1085 762 1139 807 et
1196 760 1394 811 ratione
1451 762 1918 828 comprehenditur,

235 832 370 899 quod
407 849 557 883 unum
593 846 797 894 semper
830 835 985 895 atque
1016 828 1150 878 idem
1188 836 1290 891 est3
1327 833 1562 896 alterum,
1597 834 1736 900 quod
1766 834 1918 886 affert

236 905 523 973 opinionem
570 919 664 967 per
709 917 918 963 sensuS,
961 902 1172 951 rationis
1209 917 1423 968 expers:
1465 904 1599 971 quod
1634 910 1797 955 totum
1835 909 1918 954 est

237 976 515 1044 opinabile;
562 989 767 1040 semper
813 973 1035 1037 gignitur
1075 977 1130 1022 et
1179 974 1357 1028 interit
1403 992 1499 1027 nec
1544 993 1611 1026 un
1649 992 1760 1026 uam
1797 991 1917 1025 esse

233 1063 355 1097 vere
400 1051 590 1112 potest.
641 1071 712 1082 --
795 1044 898 1094 lam
947 1058 1068 1094 vero
1115 1045 1446 1113 quodcunque
1489 993 1738 1114 gignilur,
1786 1045 1839 1098 id
1885 1062 1917 1098 a

235 1133 431 1168 causa
467 1117 692 1181 aliqua
736 1115 1240 1180 proficiscatur
1274 1134 1546 1168 necesse
1595 1124 1710 1171 est.
1782 1118 1916 1184 Opi·

235 1190 324 1240 sex
371 1189 587 1253 denique
640 1193 793 1250 atque
838 1193 1019 1237 auctor
1052 1187 1261 1237 alicuius
1298 1189 1404 1250 rei,
1444 1191 1488 1240 si
1526 1206 1634 1241 eam
1672 1190 1919 1255 speciem,

237 1276 364 1330 quae
401 1267 482 1309 est
520 1275 724 1323 semper
761 1259 971 1321 eadem,
1029 1259 1256 1308 intuetur
1300 1275 1510 1325 eamque
1546 1263 1642 1311 sibi
1677 1261 1918 1327 proponit

232 1338 466 1397 tanquam
503 1331 774 1396 exemplar,
811 1330 1123 1395 praeclarum
1161 1346 1287 1397 opus
1327 1331 1521 1382 efficiat
1555 1348 1771 1382 necesse
1806 1337 1916 1389 est3

232 1406 311 1456 sin
366 1408 533 1451 autem
586 1402 840 1466 exemplar
888 1403 953 1451 ob
1000 1402 1177 1452 oculos
1229 1402 1449 1452 habeta
1485 1405 1823 1469 generationis
1859 1406 1918 1454 et

232 1477 568 1540 corruptionis
630 1473 972 1524 vicissitudine
1019 1489 1119 1523 non
1177 1473 1419 1534 immune,
1480 1492 1728 1543 nunqnam
1786 1490 1918 1537 eam,

233 1562 379 1612 quam
420 1546 685 1611 spectabit,
721 1546 1070 1609 pulcritudinis
1108 1550 1162 1594 et
1196 1545 1528 1609 perfectionis
1558 1547 1916 1613 praestantiam

230 1624 549 1682 assequetur.
624 1617 679 1666 Ρ.
715 1618 799 1666 27.
837 1617 895 1666 B.
934 1614 993 1668 C.
1038 1642 1097 1651 —-
1136 1617 1222 1669 28.
1259 1614 1317 1665 C.
1924 1631 1927 1633 ’

373 1690 444 1739 Et
495 1688 872 1737 universum
912 1686 1201 1753 quidem,
1255 1688 1361 1735 sive
1409 1683 1535 1737 illud
1580 1688 1780 1740 coelum
1823 1693 1914 1740 aut

230 1760 464 1811 mnndum
503 1768 589 1808 aut
627 1760 915 1809 alioetiam
952 1760 1151 1808 nomine
1187 1759 1444 1824 appellare
1479 1759 1648 1824 placet
1668 1758 1745 1822 *),
1782 1775 1914 1826 quo-

230 1834 360 1883 niam
415 1834 639 1882 cernitur
685 1837 739 1880 et
787 1832 1010 1895 tangitur
1068 1835 1123 1879 et
1174 1838 1254 1880 est
1301 1829 1518 1895 undique
1574 1841 1914 1896 corporatum,

231 1920 377 1970 quam
437 1905 594 1968 ipsam
655 1903 719 1952 ob
769 1918 967 1954 causam
1019 1903 1170 1952 etiam
1225 1917 1376 1951 sensu
1426 1902 1702 1966 percipitur
1762 1905 1914 1954 etin

231 1976 463 2040 opinione
501 1975 745 2038 considit,
781 1975 898 2023 fieri
939 1989 1038 2023 non
1074 1979 1244 2038 potest
1270 1975 1388 2037 quin
1429 1988 1647 2022 eorum
1685 1975 1914 2039 generi

230 2047 699 2098 accensendum
751 2046 866 2106 nit,
917 2060 1078 2111 quac
1127 2045 1477 2094 mutationi
1521 2049 1587 2095 et
1622 2061 1914 2110 genera-

229 2118 398 2171 tioni
433 2123 584 2170 sunt
621 2117 918 2169 obnoxia.
1002 2115 1179 2181 ltaque
1215 2121 1268 2164 et
1306 2116 1496 2165 sactum
1531 2121 1612 2166 est
1647 2117 1913 2182 aliquando

230 2195 285 2240 et
329 2190 507 2259 habuit
554 2190 631 2238 sui
670 2196 928 2249 auctorem
977 2195 1129 2253 atque
1173 2187 1500 2237 conditorem.
1585 2187 1688 2238 Sed
1733 2188 1914 2242 admo·-

232 2262 349 2314 dum
398 2260 708 2328 difficile
756 2265 863 2310 est
909 2259 1094 2309 huius
1153 2259 1632 2310 universitatis
1688 2265 1910 2309 aucto-

231 2349 363 2384 rem
410 2333 751 2395 invenire,
801 2334 1119 2384 inventumve
1155 2330 1317 2394 palam
1351 2330 1590 2394 indicare.
1661 2331 1910 2394 Quocirca

228 2405 484 2456 videamus
531 2406 731 2470 potius,
777 2403 867 2452 ille
913 2403 1202 2453 fabricator]
1235 2402 1365 2451 tanti
1410 2403 1579 2467 operis
1625 2407 1796 2454 utrum
1841 2404 1910 2455 sit

229 2478 454 2532 imitatus
493 2476 748 2540 exemplar
789 2475 1151 2539 sempiternum
1201 2472 1326 2522 illud
1363 2477 1417 2521 et
1462 2474 1802 2535 immutabile,
1846 2490 1908 2524 an
1949 2520 1952 2524 .

228 2549 313 2611 id,
358 2547 491 2613 quod
541 2555 835 2611 generatum
871 2552 1137 2611 ortumque
1183 2544 1412 2598 diximus.
1482 2545 1556 2597 Et
1589 2545 1758 2596 mnndi
1798 2546 1909 2610 qui-

228 2620 342 2669 dem
378 2619 697 2684 pulcritud0,
730 2633 900 2668 rerum
938 2618 1061 2667 ordo
1100 2621 1401 2681 perpetuus,
1445 2617 1663 2667 omnium
1709 2616 1909 2665 vicissi-

226 2693 453 2746 tudinum
509 2691 816 2750 constantia,
875 2690 1094 2752 denique
1140 2688 1298 2752 ipsius
1345 2687 1539 2751 opificis
1600 2688 1907 2752 praestantia

227 2763 384 2813 facile
441 2763 711 2825 unicuique
784 2761 1184 2827 persuadebungt,
1256 2758 1682 2808 obversatum
1752 2776 1903 2808 esse

226 2850 433 2886 rerum
469 2833 810 2887 conditori
847 2830 1169 2895 exemplar
1215 2829 1426 2884 muudi
1480 2829 1901 2893 perfectissi-

227 2921 419 2965 mum,
453 2905 584 2969 quod
623 2904 746 2953 nulli
782 2908 862 2953 est
898 2902 1185 2957 mutationis
1221 2907 1307 2948 aut
1342 2903 1679 2964 generationis
1731 2902 1901 2950 incon-

228 2977 444 3025 stantiae
505 2977 800 3029 suhicctum,
902 2974 980 3030 Ex
1037 2989 1137 3035 quo
1209 2971 1435 3043 efficitur
1489 2972 1660 3026 hunc
1711 2987 1902 3035 quem

228 3047 566 3096 cernimus
643 3045 940 3096 mundum
1004 3043 1433 3097 simulacrum
1487 3059 1631 3097 esse
1685 3042 1901 3099 mundi

226 3118 522 3169 alicuius
557 3119 828 3174 aeterni.
899 3115 958 3172 1¹.
994 3113 1079 3172 28.
1118 3113 1178 3171 C.
1214 3141 1286 3153 —
1318 3114 1407 3169 29.
1441 3115 1505 3170 A,

287 3355 336 3411 ‘)
366 3354 613 3395 Tenendum
645 3354 756 3393 enim
787 3351 866 3395 τὸν
894 3348 1102 3410 οὐρανόν,
1133 3347 1211 3397 τὸν
1244 3347 1431 3408 κόσμον,
1464 3346 1519 3395 τὸ
1546 3351 1632 3397 πᾶν
1658 3353 1707 3398 in
1735 3356 1816 3399 boc
1843 3355 1901 3399 n-

377 3414 457 3457 bro
487 3413 692 3465 usurpari
723 3414 1005 3469 promiscue.-
