2060 3730
275 203 313 258 4
857 198 1387 263 ,PROLEGOMENA

280 343 482 413 quidem
519 359 647 411 quae
682 360 711 395 a
746 344 937 410 magnis
973 352 1031 392 ac
1066 342 1244 394 divinis
1267 344 1478 409 ingeniis
1506 343 1786 431 excogitata
1823 350 1958 408 sunt,

283 434 345 467 ea
393 422 538 467 certe
584 417 718 483 apud
767 432 888 477 eos,
943 416 1027 478 qui
1075 421 1191 464 sunt
1237 417 1504 465 erectioris
1563 418 1711 465 animi
1758 432 1852 468 nec
1890 419 1959 467 ad

279 489 624 558 praesentium
663 485 1006 537 tantummodo
1043 487 1286 535 bonorum
1324 503 1466 536 usum
1502 488 1718 550 abiecti,
1754 504 1960 563 semper

281 577 392 610 eam
430 560 620 611 habent
652 561 781 620 vim,
823 566 883 608 ut
919 556 979 606 ad
1018 558 1323 607 excitandam
1360 558 1687 623 alendamque
1733 561 1962 625 ipsorum

284 637 508 682 mentem
543 631 739 680 valeant
778 630 1072 694 plurimum;
1121 635 1293 678 tamen
1328 631 1567 696 singulari
1615 631 1722 680 fato
1760 632 1961 692 accidit,

282 710 354 754 ut.
374 718 524 753 nemo
561 710 769 768 praeter
804 713 951 748 unum
991 700 1386 761 Lindavium,
1426 717 1669 766 nuperum
1707 703 1986 768 interpres

279 780 414 836 tem,
453 775 724 836 existeret,
761 773 843 837 qui
880 771 1003 820 illud
1040 772 1282 836 peculiari
1318 787 1474 836 opera
1503 773 1584 821 vel
1620 775 1846 838 expolire
1881 773 1963 824 vel

278 848 538 898 illustrare
581 845 843 903 studeret,
897 844 1189 907 paucissimi
1236 850 1440 909 essent,
1479 846 1563 907 qui
1599 845 1819 909 singulas
1854 847 1963 895 eius

282 923 457 982 partes
501 916 643 965 felici
692 915 891 981 quidem
940 930 1180 964 successu
1217 919 1493 963 tractarent
1529 919 1583 963 et
1619 917 1963 980 explanarent.

280 989 527 1040 Nolumus
555 988 646 1036 ‘hic
683 995 939 1052 exponere
976 985 1040 1037 de
1077 986 1224 1034 variis
1261 987 1337 1035 re'i
1376 987 1567 1049 causis,
1606 1003 1734 1051 quae
1772 989 1964 1038 multae

282 1077 403 1110 sane
440 1058 653 1124 cogitari
688 1061 927 1122 possunt·
964 1073 1109 1106 unam
1148 1072 1359 1122 eamque
1386 1059 1646 1107 maximam
1684 1065 1738 1107 et
1773 1061 1964 1124 gravis-

281 1134 456 1180 simam
501 1145 785 1179 memoraie
830 1129 953 1178 satis
1002 1134 1110 1190 est,
1159 1144 1287 1194 quae
1333 1129 1558 1178 cernitur
1616 1130 1667 1179 in
1724 1130 1963 1196 singulari

278 1203 429 1252 huius
467 1201 639 1267 operis
676 1199 981 1250 difficultate
1017 1205 1170 1264 atque
1206 1201 1550 1249 obscuritate.
1596 1201 1660 1249 de
1716 1219 1812 1267 qua
1849 1203 1962 1267 quis

281 1280 362 1324 est
410 1273 528 1340 quin
573 1274 671 1321 iam
715 1277 920 1322 veteres
975 1271 1314 1335 philosophos
1360 1272 1626 1336 ipsumque
1656 1270 1964 1324 Ciceronem

277 1345 490 1395 multum
526 1348 834 1410 conquestos
881 1358 1000 1391 esse
1035 1342 1319 1392 audiverit?
1389 1341 1659 1391 Enimvero
1709 1345 1792 1409 qui
1839 1345 1965 1394 illud

278 1432 392 1466 cum
440 1415 613 1477 fructu
653 1415 830 1481 legere
878 1422 967 1464 aut
1011 1414 1122 1463 aliis
1171 1413 1426 1479 explicare
1464 1414 1709 1475 voluerit,
1761 1416 1806 1465 is
1844 1432 1966 1466 sane

276 1487 537 1538 doctrinae
574 1482 746 1552 copias
781 1485 915 1534 haud
951 1486 1185 1552 vulgares
1222 1485 1485 1550 possideat
1522 1489 1578 1534 et
1602 1485 1664 1534 ad
1689 1502 1797 1536 rem
1835 1488 1966 1537 bene

275 1559 713 1609 administrandam
751 1557 930 1607 afferat
966 1571 1179 1606 necesse
1216 1561 1312 1605 est.
1385 1556 1498 1605 Non
1519 1556 1603 1605 hic
1640 1558 1834 1607 sufficit
1867 1574 1966 1608 una

274 1629 504 1680 Graecae
551 1630 751 1696 linguae
796 1629 978 1678 notitia
1015 1629 1235 1692 quamvis
1270 1627 1479 1687 idonea3
1526 1628 1776 1678 accedere
1810 1631 1964 1680 etiam

272 1701 430 1752 debet
476 1702 759 1751 accuratior
807 1700 1056 1749 sermonis
1101 1698 1347 1748 Platonici
1395 1700 1638 1761 scientia,
1687 1716 1816 1764 quae
1852 1702 1962 1751 diu-

273 1779 427 1823 turno
463 1779 655 1823 tantum
702 1772 971 1838 scriptoris
1026 1787 1119 1819 usu
1165 1787 1223 1819 ac
1275 1770 1621 1819 familiaritate
1680 1774 1963 1837 comparari

270 1849 475 1910 potest:
541 1860 640 1894 non
693 1846 818 1893 satis
871 1849 953 1893 est
999 1841 1375 1909 philosophiam
1426 1842 1735 1892 Platonicam
1786 1846 1962 1909 primis

269 1915 426 1966 labris
475 1917 791 1981 gustavisse,
838 1914 929 1965 sed
979 1914 1245 1965 coniuncta
1293 1929 1405 1962 cum
1457 1914 1567 1964 eius
1611 1915 1795 1965 notitia
1842 1930 1963 1966 esse

269 1987 426 2038 debet
457 1989 673 2038 interior
708 1988 868 2052 ipsius
906 1987 1118 2038 scientia
1157 1991 1209 2035 et
1246 1986 1502 2051 cognitio,
1550 1989 1609 2034 ut
1646 1987 1962 2053 exploratum

267 2059 488 2121 habeaS,
532 2075 595 2109 ex
633 2059 961 2125 quibus-ipsa
989 2058 1216 2108 fontilms
1256 2057 1654 2122 promanaveritt
1692 2065 1962 2123 praeterea

267 2133 536 2181 multarum
571 2146 740 2181 rerum
780 2131 990 2188 scientia
1023 2130 1329 2194 requiritur,
1385 2143 1513 2194 quae
1559 2129 1709 2194 vulgo
1758 2131 1820 2180 ab
1874 2131 1958 2192 iis,

268 2205 353 2269 qui
399 2208 603 2252 veteres
654 2203 936 2288 scriptores
989 2202 1423 2266 interpretantur,
1483 2200 1704 2264 ignorari
1763 2202 1957 2262 solent,

264 2289 395 2341 opus
433 2279 515 2324 est
551 2275 683 2325 enim
720 2275 943 2325 musicae
979 2274 1213 2338 antiquae
1238 2272 1434 2332 notitia,
1473 2271 1670 2336 qualem
1705 2273 1787 2321 vel
1823 2274 1955 2340 apud

261 2349 387 2396 artis
425 2347 696 2410 magistros
733 2346 887 2396 hodie
910 2329 1118 2394 frustra
1152 2343 1269 2394 fere
1305 2358 1546 2407 quaeras;
1584 2358 1714 2409 opus
1753 2351 1836 2394 est
1871 2361 1955 2395 re·

170 2457 176 2462 .
260 2434 372 2467 rum
409 2419 876 2467 mathematicarum
913 2417 1232 2480 cognitione3
1277 2429 1417 2498 opus
1447 2419 1555 2476 est,
1584 2418 1655 2464 ut
1689 2415 1740 2464 in
1776 2415 1953 2482 physi-

261 2489 337 2538 cis
376 2494 605 2539 versatus
655 2491 724 2540 sis
769 2505 868 2538 uon
905 2487 1261 2547 mediocritei-3
1310 2486 1417 2535 imo
1457 2486 1646 2536 nullum
1685 2501 1848 2550 paene
1882 2488 1949 2538 li-

257 2566 483 2611 terarum
531 2577 690 2627 genus
736 2562 1022 2626 reperitur,
1082 2559 1216 2608 unde
1260 2572 1360 2606 non
1409 2556 1596 2622 aliquid
1644 2558 1707 2606 ad
1755 2558 1953 2609 Timaei

256 2633 729 2697 interpretationem
775 2631 1111 2697 repetendum
1151 2632 1245 2680 sit:
1294 2633 1446 2693 atque
1490 2629 1619 2677 haec
1668 2630 1831 2678 omnia
1868 2637 1947 2680 et-

257 2705 400 2753 iamsi
436 2705 518 2754 vel
555 2706 768 2754 maxime
806 2710 1000 2764 teneas,
1037 2707 1206 2751 tamen
1244 2715 1309 2749 ne
1346 2701 1419 2749 sic
1455 2700 1654 2763 quidem
1691 2700 1947 2766 interpre÷

256 2776 323 2824 tis
362 2775 538 2826 officio
576 2775 912 2837 satisfeceris,
949 2774 1046 2825 nisi
1084 2789 1196 2823 cum
1222 2774 1456 2821 accurata
1480 2770 1788 2835 singulorum
1816 2788 1964 2822 xer-r

256 2847 432 2897 borum
491 2851 544 2897 et
606 2847 968 2897 sententiarum
1029 2843 1364 2908 explicatione
1422 2843 1738 2891 coniunxeris
1791 2845 1944 2896 etiam

253 2919 474 2966 universi
523 2920 695 2983 operis
742 2933 852 2968 eam
912 2916 1356 2983 perspicientiam,
1410 2918 1472 2963 ut
1534 2918 1591 2962 et
1651 2914 1941 2978 primarium

256 2990 522 3053 scriptoris
569 2990 835 3040 consilium
884 2990 1198 3054 exploratum
1250 2986 1466 3045 habeas,
1530 2988 1583 3033 et
1630 2985 1940 3049 singularum

256 3059 426 3123 operis
461 3065 678 3125 partium
717 3064 894 3111 nexum
931 3076 990 3112 ac
1025 3058 1380 3124 disputationis
1430 3055 1654 3104 ordinem
1690 3070 1937 3122 progres-

252 3146 462 3195 sumque
498 3133 702 3197 penitus
748 3133 1033 3198 intelligas,
1085 3137 1138 3180 et
1183 3143 1306 3180 vero
1350 3127 1500 3176 etiam
1539 3142 1779 3192 quaenam
1815 3128 1934 3178 huic

249 3201 382 3250 libro
437 3219 548 3251 cum
594 3203 703 3252 aliis
758 3205 985 3254 Platonis
1035 3204 1241 3268 scriptis
1289 3197 1574 3249 intercedat
1610 3200 1934 3249 necessitudo

250 3279 314 3320 et·
340 3275 652 3330 coniunctio,
690 3284 834 3323 recte
871 3282 1206 3341 accurateque
1241 3279 1432 3321 teneas.
1501 3269 1931 3331 Quemadmodum

247 3345 376 3397 enim
438 3344 504 3394 de
562 3346 699 3393 nullo
757 3348 957 3395 omnino
1018 3348 1141 3396 artis
1200 3357 1357 3410 opere
1412 3349 1558 3390 recte
1614 3343 1931 3401 indicaveris,

244 3417 340 3464 nisi
378 3422 584 3479 praeter
619 3416 839 3480 singulas
878 3419 986 3467 eius
1028 3422 1202 3482 partes
1238 3416 1386 3464 etiam
1419 3417 1581 3462 totum
1632 3413 1925 3464 consideres
