2072 3698
698 179 1247 234 PROLEGOMENA.
1319 250 1321 253 y
1737 181 1808 232 43

113 326 209 391 ipsi
235 326 495 375 subiectae
521 324 892 376 adhaerescere
923 325 1283 373 existimarent.
1358 322 1429 370 lta
1451 321 1803 387 Pythagoreos

91 400 338 450 ‚novimus
376 412 610 446 numeros
651 412 769 443 suos
807 412 903 444 non
944 413 971 444 a
1008 398 1159 444 rebus
1198 395 1320 458 ipsis
1359 395 1670 454 seiunxisse,
1709 394 1801 443 sed

113 486 225 518 cum
276 471 338 518 iis
387 468 700 534 copulavisse
747 469 1048 519 arctissime.
1146 467 1220 515 Ac
1282 467 1486 530 propius
1533 466 1685 514 (tiam
1736 465 1799 514 ad

110 558 217 590 rem
269 546 586 603 praesentem
635 540 856 602 pertinet
905 539 1246 590 Eieaticornm
1307 539 1452 586 ratio,
1539 536 1606 584 ni
1666 538 1797 586 enim

112 615 218 662 Ens
266 611 388 660 iilud
437 627 609 668 suum
656 626 702 671 q
708 610 788 662 iod
833 627 982 662 uuum
1023 610 1338 668 statuebant
1378 625 1474 657 ιιοιι
1512 608 1620 656 suia
1657 625 1798 658 meu-

111 685 179 733 tis
231 684 438 734 notione
481 682 731 733 contineri
783 681 1075 739 voluerunt,
1115 681 1206 728 scd
1244 697 1418 728 revera
1458 695 1638 739 esse,
1678 695 1796 744 pio·

112 763 292 819 pterea
328 753 460 821 quod
513 769 667 801 esse
715 756 866 815 atque
915 754 1223 817 cogitear(
1263 769 1409 799 unum
1449 749 1682 814 idemque
1719 752 1795 798 vi-

52 863 57 868 s
110 827 332 874 daretur.
411 825 462 871 id
504 826 663 888 ipsum
703 825 855 887 igitur
894 826 1044 878 etiam
1085 824 1248 874 Plato
1269 829 1514 885 sequutus
1552 830 1660 882 est
1711 825 1798 884 qui

109 912 385 960 quanquam
402 896 548 950 Entis
573 895 705 943 iliius
733 896 942 948 Blieatioi
969 897 1210 947 unitatem
1239 896 1450 942 tollebat
1476 901 1627 956 atque
1653 895 1798 942 innu-

109 970 378 1019 merabiles
416 969 522 1016 eius
559 968 751 1023 formas
783 982 840 1014 ac
880 969 1076 1030 species
1102 974 1310 1031 propter
1346 967 1605 1014 notionum
1639 967 1796 1015 menti

106 1041 353 1090 humanae
391 1040 730 1091 subiectarum
772 1037 1142 1095 multitudinem
1181 1054 1238 1086 ac
1275 1041 1568 1086 varietatem
1602 1042 1794 1086 statue-

103 1113 210 1172 bat,
234 1120 403 1166 tamen
428 1110 549 1165 illud
577 1117 717 1169 certe
743 1111 921 1170 tenuit,
947 1110 1078 1178 quod
1107 1110 1450 1173 superioribus
1475 1109 1792 1174 philosophis

104 1184 395 1247 placuerat,
443 1183 626 1233 mentis
674 1182 869 1235 notitiis
907 1198 1076 1233 veram
1113 1186 1527 1243 constantemque
1555 1196 1793 1244 compre-

102 1255 256 1307 luendi
308 1255 596 1304 essentiam.
684 1255 853 1315 Atque
902 1254 1030 1306 haec
1076 1253 1275 1316 quidem
1323 1253 1608 1300 tenentibus
1646 1253 1791 1301 nobis

101 1327 198 1375 iam
265 1333 410 1374 certe
472 1327 634 1380 minus
696 1324 924 1380 mirabile
974 1325 1198 1383 accidet
1259 1324 1390 1386 quod
1445 1324 1615 1372 mundi
1677 1324 1792 1387 opi-

102 1398 188 1447 fex
228 1398 276 1445 in
307 1398 517 1446 Timaeo
556 1396 738 1444 dicitur
775 1395 1203 1467 perfectissimum
1240 1396 1409 1448 mundi
1432 1395 1686 1458 exemplar
1726 1396 1792 1444 ob

104 1469 278 1522 oculos
315 1468 582 1528 habuisse
621 1466 753 1535 quod
791 1468 1002 1516 mundus
1041 1468 1372 1530 intelligibilis
1408 1472 1614 1514 vocatur
1652 1465 1793 1527 ζῶον

102 1537 315 1600 ἀΐδιον,
364 1539 499 1602 quod
547 1539 764 1600 denique
812 1539 959 1586 ideae
1007 1540 1148 1602 ipsae
1196 1553 1288 1600 plo
1339 1538 1509 1590 mundi
1544 1539 1790 1600 principio

62 1668 64 1672 Α
103 1611 316 1675 quodam
361 1610 615 1668 habentur
663 1610 724 1666 ab
771 1609 890 1688 ipso
918 1611 1118 1670 numine
1169 1609 1336 1668 divino
1372 1609 1573 1667 diverso
1610 1625 1669 1659 ac
1706 1625 1789 1659 se-

102 1685 292 1739 iuncto,

242 1824 476 1874 Tertium
516 1840 684 1877 rerum
722 1826 1075 1888 generatarum
1109 1822 1405 1887 principium
1431 1821 1630 1878 Platoni
1670 1839 1789 1872 ma-

100 1897 276 1951 teria
313 1901 408 1948 est.
483 1897 641 1959 Quam
683 1895 882 1960 quidem
921 1896 1018 1943 iam
1056 1895 1281 1943 adfuisse
1306 1895 1480 1961 voluit,
1518 1909 1618 1963 quo
1651 1900 1789 1943 tem·
1859 1909 1863 1911 ’

97 1984 224 2036 pore
274 1967 412 2016 Deus
461 1969 632 2024 muudi
678 1968 988 2022 creationem
1053 1973 1136 2016 est
1196 1982 1422 2021 exorsus·
1518 1966 1787 2022 Enimvero

98 2041 246 2090 ideae
282 2039 422 2089 solae
459 2054 610 2102 quum
648 2040 803 2095 rebus
837 2036 1068 2089 creandis
1107 2053 1204 2096 ιιοιι
1226 2038 1546 2098 sufficerent,
1582 2043 1787 2122 praeter

103 2126 190 2161 eas
227 2108 509 2175 ξυναίτιον
545 2110 795 2179 quoddam
833 2114 944 2168 erat
965 2125 1325 2169 necessarium,
1364 2111 1472 2167 sine
1509 2125 1608 2173 quo
1643 2111 1786 2174 ipsae

100 2183 247 2232 ideae
295 2198 360 2235 ne
407 2183 615 2245 exprimi
662 2181 863 2244 quidem
925 2196 984 2229 ac
1042 2182 1415 2255 repraesentari
1478 2183 1785 2249 potuissent.

101 2254 276 2324 itaque
326 2254 565 2302 assumsit
614 2253 759 2300 Plato
808 2253 1068 2311 materiam
1120 2257 1364 2316 quandam
1423 2251 1559 2300 uuila
1620 2253 1786 2310 sonna

97 2326 389 2374 distinctam
439 2325 679 2386 nulloque
724 2316 983 2379 definitam
1031 2323 1337 2381 discrimine.
1412 2323 1566 2386 Quae
1625 2324 1785 2394 qualis

100 2397 162 2445 ab
202 2411 262 2443 eo
310 2395 645 2455 informetur
694 2395 864 2468 paucis
901 2395 1220 2457 exposuimus
1257 2396 1308 2453 in
1345 2394 1686 2460 Commentar.
1724 2394 1787 2443 ad

102 2483 149 2532 p.
188 2467 273 2519 49.
298 2467 359 2516 A.
422 2466 519 2519 Est
545 2466 676 2521 enim
702 2480 969 2528 corporum
1010 2467 1153 2528 quasi
1189 2467 1496 2518 substratum
1536 2464 1784 2531 quoddam

103 2538 297 2597 ideaIe,
349 2537 409 2590 ab
461 2538 594 2585 omni
634 2553 835 2590 crassae
871 2552 1139 2598 corporum
1179 2538 1421 2594 materiae
1459 2540 1786 2595 concretione

103 2611 348 2669 alienum,
399 2609 489 2660 sed
541 2616 707 2656 tamen
746 2608 894 2663 huius
931 2609 1091 2680 ipsius
1127 2608 1245 2661 fons
1282 2614 1433 2671 atque
1470 2610 1784 2673 principium.

104 2682 230 2733 Nam
268 2679 683 2742 quemadmodum
725 2678 867 2732 ideae
905 2681 1013 2728 sine
1050 2686 1223 2733 mente
1259 2680 1420 2734 divina
1465 2696 1563 2735 non
1603 2682 1787 2728 extite-

103 2757 254 2812 runt
303 2753 374 2800 ita
423 2768 487 2803 ne
534 2752 774 2799 materiae
823 2750 1022 2814 quidem
1059 2767 1208 2799 causa
1244 2767 1302 2807 ac
1339 2753 1633 2815 principium
1679 2754 1789 2800 siue

103 2825 188 2873 illa
227 2839 343 2871 esse
381 2823 561 2886 potuit.
635 2821 780 2884 Quod
819 2828 984 2876 autem
1015 2822 1158 2870 Plato
1183 2824 1342 2873 Deum
1383 2823 1507 2871 facit
1543 2824 1788 2878 infinitam

105 2896 365 2944 materiam
403 2896 499 2949 iam
538 2898 653 2945 ante
706 2893 873 2947 mundi
910 2895 1152 2957 originem
1203 2895 1545 2957 reperientem
1595 2900 1649 2951 et
1698 2911 1790 2943 ex-

42 2975 44 2978 ’
106 2966 223 3014 inde
273 2965 331 3014 ad
379 2967 600 3018 universi
645 2964 821 3016 idealis
857 2965 1139 3030 exemplum
1175 2966 1301 3020 hauc
1338 2982 1509 3014 rerum
1547 2967 1790 3015 universi-

108 3044 265 3086 tatem
301 3037 520 3088 condere
563 3037 942 3096 instituentem,
994 3036 1043 3091 id
1081 3037 1179 3092 dici
1218 3051 1316 3091 non
1353 3042 1542 3101 potest,
1578 3045 1792 3100 quanto-

111 3124 233 3172 pere
285 3107 447 3156 doctis
497 3113 550 3155 et
587 3108 798 3162 eruditis
844 3106 1134 3172 hominibus·
1180 3108 1295 3156 inde
1332 3111 1393 3157 ab
1434 3109 1793 3179 antiquissimis

110 3179 422 3241 temporibus
484 3179 546 3227 ad
605 3184 828 3227 nostram
886 3184 1106 3232 aetatem
1163 3193 1321 3244 usque
1380 3179 1545 3233 fraudi
1581 3219 1586 3225 .
1619 3181 1795 3234 fuerit.

104 3233 384 3299 ¹Enimvero
446 3250 802 3298 concluserunt
852 3249 970 3297 hinc
1032 3251 1105 3307 illi
1148 3258 1388 3315 protenus
1439 3252 1794 3316 philosophum

115 3329 374 3370 aeternam
421 3322 681 3369 materiam
721 3322 964 3368 statuisse
1014 3327 1166 3384 atque
1228 3323 1325 3386 ipsi
1383 3325 1569 3372 numini
1631 3325 1795 3373 divino

116 3393 393 3457 aequalem.
428 3407 475 3443 v·
512 3393 832 3443 Brackeri
863 3391 1061 3447 Hister.
1097 3392 1395 3458 Philosoph‚
1433 3395 1496 3445 T.
1534 3394 1570 3450 1.
1609 3412 1654 3462 p.
1693 3395 1801 3445 uis

1271 3488 1384 3542 5*
