2072 3698
262 190 335 245 12
859 187 1405 242 PROLEGOMENA.

258 333 378 386 dum
413 350 445 385 e
479 338 673 386 terra
711 338 777 384 et
812 333 964 400 igne
1001 332 1263 394 conflavit,
1321 346 1534 396 quorum
1581 331 1949 386 elementorum

255 407 474 457 alterum
521 407 722 466 effecit,
770 411 825 454 ut
869 404 1059 455 solidus
1107 409 1248 452 esset
1285 409 1339 453 et
1366 408 1696 469 'tetigeretur‚
1732 406 1947 457 alterum

258 494 414 541 vero,
460 482 518 527 ut
564 478 773 528 caderet
820 478 912 527 sub
962 474 1226 533 oculorum
1267 483 1636 540 conspectum,
1697 477 1946 541 siquidem

257 551 370 600 sine
413 550 542 616 ignis
588 550 639 597 vi
683 547 809 597 nihil
858 547 1019 596 oculis
1068 547 1210 596 cerni
1256 553 1445 612 potest.
1531 547 1674 596 Haec
1711 549 1947 612 primaria

253 627 424 670 nutem
461 623 711 672 elementa
745 620 975 684 quoniam
1012 618 1147 672 inter
1183 634 1240 668 se
1275 618 1507 683 opposita
1542 626 1675 678 sunt,
1717 620 1948 682 quando-

255 693 459 756 quidem
518 693 732 741 alterum
782 695 863 739 est
906 704 1129 738 crassum
1167 689 1508 753 densumque,
1538 691 1754 740 alterum
1793 696 1946 741 tenue
1981 684 1983 686 ’

254 779 316 813 ac
351 764 566 825 subtile,
611 762 747 811 Deus
796 777 868 809 ea
926 761 1266 826 copulavit
1319 762 1727 826 interposito
1785 778 1944 813 aere

253 841 323 885 et
366 850 557 898 aqua,
607 850 704 896 quo
753 836 984 894 tanquam
1021 833 1218 882 vinculo
1255 834 1467 896 quodam
1506 833 1670 881 omnia
1704 835 1775 883 ita
1810 835 1946 884 inter

247 907 362 1031 {psa
398 905 669 971 colligavit,
691 909 764 963 ,ut
797 903 1137 957 indissolubili
1168 920 1297 956 nexu
1335 905 1736 956 continerentur.
1773 904 1835 963 1¹.
1855 906 1944 960 31.

354 1004 415 1016 -
450 978 538 1027 32.
576 974 634 1027 C.

392 1076 685 1144 consumsit
728 1089 852 1123 vero
896 1073 1037 1125 Deus
1083 1075 1136 1124 in
1186 1073 1372 1127 mundo
1432 1074 1694 1124 condendo
1742 1089 1942 1126 omnem

247 1145 615 1206 elementorum
665 1147 940 1197 materiam.
1027 1146 1174 1210 Quod
1217 1149 1290 1196 ito
1336 1145 1525 1197 factum
1587 1152 1700 1208 est,
1759 1153 1814 1196 ut
1877 1163 1941 1196 ue

247 1219 366 1286 quid
403 1224 548 1268 extra
582 1219 750 1283 ipsum
786 1219 1189 1284 relinqueretur,
1243 1218 1377 1283 qnod
1424 1219 1473 1267 vi
1508 1218 1687 1268 hostili
1738 1219 1787 1267 in
1825 1234 1940 1268 eum
2035 1263 2038 1266 ,

248 1293 494 1354 irrueret,
530 1295 687 1354 utque
722 1290 955 1342 immunis
993 1295 1135 1340 esset
1169 1306 1200 1338 a
1234 1289 1574 1356 corruptionis
1612 1296 1942 1351 acsenectu-

244 1364 316 1415 tis
350 1363 492 1416 vitio.
563 1362 622 1415 P.
659 1361 753 1411 32.
785 1361 849 1415 D.
887 1389 952 1398 -
989 1363 1078 1416 33.
1115 1363 1180 1415 A.

387 1461 633 1527 Figura
668 1462 973 1512 universi
1019 1460 1191 1512 mundi
1219 1475 1321 1511 non
1356 1460 1525 1527 potuit
1561 1474 1679 1509 esse
1713 1458 1809 1508 alia
1844 1459 1940 1509 nisi

243 1533 645 1602 perfectissima.
719 1533 846 1583 Cum
897 1534 1030 1584 euim
1080 1548 1142 1582 eo
1189 1533 1354 1583 omnia
1398 1531 1624 1581 animalia
1666 1546 1942 1596 omnesque

242 1607 434 1671 figuras
471 1604 718 1654 contineri
755 1610 1053 1669 oporteret,
1090 1606 1205 1669 ipse
1244 1620 1353 1652 eam
1391 1603 1606 1652 formam
1644 1602 1823 1652 debuit
1856 1619 1940 1650 ac-

244 1677 442 1742 cipere,
478 1676 620 1725 cuius
657 1676 848 1725 ambitu
885 1677 972 1726 illa
1006 1675 1160 1725 facile
1181 1675 1577 1727 includerentur,
1650 1673 1791 1737 Quae
1828 1675 1938 1738 qui-

244 1747 365 1798 dem
403 1747 671 1813 sphaerica
709 1752 818 1809 est,
858 1748 954 1803 iam
991 1748 1041 1797 in
1078 1762 1136 1798 se
1173 1746 1580 1813 perfectissima,
1626 1745 1811 1794 mundo
1849 1761 1936 1794 au-

243 1827 352 1875 tem
402 1820 483 1868 vel
528 1823 807 1884 propterea
849 1820 1349 1878 convenientissima,
1401 1817 1536 1883 quod
1581 1815 1662 1864 his
1710 1817 1961 1867 manibus

239 1896 330 1941 aut
366 1891 582 1956 pedibus
629 1895 716 1939 aut
763 1891 875 1940 aliis
928 1891 1170 1942 membris
1207 1891 1268 1938 ad
1306 1905 1422 1938 sese
1460 1888 1843 1942 sustentandum
1883 1896 1938 1939 et
1990 1923 1996 1933 .

237 1963 473 2017 alendum
509 1978 608 2012 non
632 1962 908 2027 indigebat.
981 1962 1184 2013 Tribuit
1226 1962 1356 2014 enim
1384 1961 1520 2009 Deus
1558 1960 1762 2023 corpori
1792 1976 1936 2010 muu-

237 2035 371 2086 dano
407 2040 646 2085 motum
684 2034 1161 2098 orbicularem,-qui
1198 2040 1253 2083 et
1290 2034 1403 2097 ipse
1441 2037 1525 2080 est
1559 2033 1938 2095 praestantissi-

236 2122 353 2162 mus
401 2112 554 2170 atque
600 2106 759 2162 menti
804 2111 859 2155 et
892 2106 1261 2172 intelligentiae
1296 2104 1510 2154 maxime
1546 2108 1935 2153 consentaneum

237 2177 297 2236 Ρ.
330 2178 419 2234 33.
455 2178 517 2235 Β.
555 2204 621 2214 -·
659 2177 745 2228 34.
787 2178 853 2228 A..

376 2279 482 2328 Iam
532 2292 654 2326 vero
699 2275 839 2328 Deus
887 2276 1154 2330 animam
1202 2275 1256 2324 in
1304 2273 1471 2324 medio
1519 2271 1690 2325 mundi
1749 2272 1934 2323 locavit

235 2350 569 2414 extenditque
616 2365 674 2397 ac
720 2348 919 2397 diffudit
966 2363 1061 2412 per
1110 2362 1284 2397 omnes
1334 2346 1442 2395 eius
1502 2355 1708 2409 partes,
1761 2350 1816 2393 ut
1851 2345 1932 2395 vel

236 2422 552 2484 extrinsecus
591 2436 706 2469 eum
732 2417 1088 2472 circumdaret.
1160 2416 1331 2483 (Quod
1370 2416 1789 2483 quamobremrita
1827 2422 1931 2465 sta-

234 2497 438 2554 tuatur,
489 2493 542 2543 in
592 2492 981 2542 Commentariis
1031 2489 1091 2539 ad
1130 2506 1180 2555 p.
1217 2490 1301 2538 34.
1355 2489 1413 2537 Β.
1452 2484 1705 2552 explicare
1761 2489 1929 2538 conati

234 2569 458 2624 sumus.)
545 2558 623 2613 lta
672 2564 828 2628 igitur
877 2562 1089 2613 mundns
1127 2561 1313 2610 dicitur
1363 2559 1669 2611 omuibus
1719 2575 1925 2611 uume-

233 2638 328 2691 ris
377 2635 726 2689 absolutus
790 2650 908 2683 esse
951 2639 1105 2698 atque
1162 2632 1386 2683 evasisse
1442 2633 1677 2680 beatus
1737 2629 1924 2694 deu-s,

234 2709 320 2761 cui
355 2707 480 2757 nihil
518 2707 785 2773 quidquam
822 2706 1047 2758 deesset.

376 2806 448 2856 Et
483 2806 611 2861 haec
660 2805 860 2873 quidem
912 2805 1053 2869 prior
1098 2807 1180 2852 est
1220 2818 1336 2867 pars
1374 2799 1726 2864 disputationis
1765 2814 1793 2848 a
1830 2798 1926 2849 Ti-

235 2894 382 2930 maeo
417 2879 710 2945 institutae,
761 2894 857 2943 qua
902 2878 952 2925 in
999 2876 1286 2933 universum
1336 2873 1400 2922 de
1439 2871 1608 2921 mundi
1641 2871 1834 2934 origine
1871 2877 1928 2922 et

239 2951 417 3001 natura
454 2949 751 3014 explicatur.
826 2948 1066 3013 Sequitur
1110 2946 1352 3010 deinceps
1392 2943 1579 3002 altera,
1629 2958 1726 3005 qua
1762 2957 1925 3007 expo-

237 3022 376 3076 nitur
411 3020 695 3084 siugulatim
733 3020 798 3074 de
837 3021 945 3073 eius
983 3018 1230 3084 partibus.
1305 3016 1525 3066 Primum
1563 3014 1716 3077 igitur
1752 3013 1926 3079 dispu-

237 3097 375 3143 tatur
411 3090 475 3139 de
511 3093 703 3154 anima,
739 3091 921 3142 deinde
957 3091 1021 3139 de
1058 3089 1355 3155 corporibus
1394 3092 1449 3136 et
1486 3085 1794 3136 animalibus.

384 3189 650 3245 Animae
699 3191 1051 3249 mundanae
1099 3189 1500 3251 elementum·
1531 3185 1768 3235 Timacus
1819 3185 1926 3234 vult

239 3277 358 3316 esse
394 3261 610 3325 duplex,
663 3262 876 3311 alterum
901 3255 1036 3313 ‘cnm
1078 3260 1259 3312 mundo
1295 3258 1599 3322 intelligibili
1634 3264 1921 3320 cognatum.
1971 3257 1973 3259 ’

238 3341 574 3403 perpetuum,
613 3335 1006 3397 sempiternum,
1046 3339 1310 3391 constans,
1346 3331 1560 3379 alterum
1596 3329 1857 3378 oriundum
1894 3343 1923 3376 e

238 3406 491 3473 primitiva
528 3418 797 3476 corporum
823 3408 1034 3461 materia
1056 3404 1272 3477 ideoque
1309 3402 1547 3459 mutabile
1568 3408 1620 3454 et
1656 3399 1922 3452 dividuum.
1946 3386 1975 3421 s
