2072 3698
241 202 323 273 ⁵m
824 197 1371 258 ructuantium„

241 342 362 401 τῶν
395 348 453 395 et
483 341 596 398 τῶν
626 339 866 417 ἀφανῶν
899 343 1057 398 θεῶν
1077 362 1107 396 a
1130 345 1498 399 recentioribus
1532 344 1811 400 Platonici·
1846 364 1935 401 ce-
1964 346 1965 349 ’

246 414 526 478 lebratum3
573 432 686 467 nam
734 413 930 483 ὁρατοὶ
974 417 1111 470 θεοὶ
1159 423 1277 470 sunt
1319 419 1514 482 sidera3
1558 423 1720 471 ceteri
1757 437 1932 472 omnen

203 494 204 497 ’
244 486 499 560 ἀφανεῖς.
544 504 591 543 v.
637 488 944 538 Davisius
991 487 1054 536 ad
1100 487 1236 542 Max.
1276 487 1399 555 Tyr.
1436 490 1475 540 l.
1510 492 1594 542 lo.
1644 491 1784 542 vSed
1834 494 1939 555 ista¹

240 576 343 612 non
377 559 526 610 huius
563 561 665 610 loci
699 565 816 610 sunt
846 560 1115 624 potiusque
1149 561 1200 610 in
1235 556 1629 614 commentarios
1644 563 1935 617 reiicienda.

243 629 584 702 Quamobrem
621 633 672 682 in
731 631 1005 681 enarranda
1042 630 1240 682 Timaei
1276 634 1506 683 oratione
1541 639 1779 686 continuo
1816 651 1934 700 per-

246 719 376 771 gere
426 704 618 754 licebit.
693 704 743 755 Is
792 703 948 767 igitur
996 701 1236 771 deinceps
1284 704 1415 755 baec
1461 705 1722 772 disputans
1784 706 1935 760 indu·

242 777 394 827 citur.

383 847 547 910 Quum
594 842 663 892 dii
697 842 983 906 coelestes,
1029 843 1220 908 inquit,
1269 851 1446 896 essent
1481 849 1671 911 creati,
1710 860 1935 901 summm

240 918 414 972 mundi
461 914 632 980 opifex
679 914 743 963 ad
793 930 884 966 eos
921 915 1049 965 haec
1087 916 1202 966 fere
1236 916 1473 981 loquutus
1523 925 1622 971 est.
1693 919 1775 971 Dii
1810 922 1935 972 deo·

241 1006 389 1052 rum,
426 1003 553 1052 quae
598 986 762 1035 adhuc
797 1002 826 1035 a
862 1003 946 1036 me
981 993 1099 1038 sunt
1129 988 1359 1051 condita,
1396 1005 1455 1039 ea
1493 991 1594 1040 etsi
1629 997 1804 1042 natura
1842 1008 1933 1045 sua

243 1061 449 1127 fragilia
484 1058 758 1116 habentur,
811 1064 980 1108 tamen
1029 1074 1125 1109 me
1173 1060 1267 1110 ita
1303 1059 1582 1111 volente
1619 1075 1936 1127 nunqnam

243 1131 655 1189 interibunt3
700 1145 813 1178 nam
861 1145 990 1194 quae
1023 1132 1166 1183 bene
1214 1131 1416 1181 condita
1451 1139 1568 1183 sunt
1602 1139 1939 1201 rursus‘pea-

204 1241 207 1244 -
245 1204 482 1256 cumdare
515 1201 649 1250 velle
686 1202 946 1265 pravitatis
981 1200 1156 1255 fuerit.
1229 1202 1406 1267 Itaque
1439 1219 1528 1254 vos
1565 1205 1764 1269 quidem
1803 1223 1950 1258 nun--

243 1289 393 1341 quam
445 1274 750 1335 interibitiss,
797 1271 890 1323 sed
938 1275 1139 1324 eritis
1187 1273 1286 1324 dii
1328 1277 1746 1340 sempiterni.
1830 1277 1936 1329 Sed

230 1351 408 1399 restat
442 1345 635 1404 adhuc,
682 1349 741 1394 ut
774 1346 872 1395 tria
909 1345 1192 1394 mortalium
1231 1346 1548 1396 animantium
1585 1364 1774 1413 genera
1809 1365 1938 1416 pro-

243 1418 462 1470 creanda
510 1419 636 1477 sint3
687 1431 772 1465 res
822 1418 955 1466 enim
1002 1417 1111 1481 ipsa
1148 1418 1397 1481 postulat,
1442 1423 1501 1467 ut
1535 1419 1585 1468 in
1623 1421 1805 1470 mundo
1842 1420 1938 1470 ad-

242 1489 509 1556 spectabili
547 1488 710 1537 omnia
747 1489 1031 1538 animalium
1073 1494 1260 1553 genera
1298 1489 1820 1554 comprehendantur,
1867 1494 1940 1543 si-

245 1562 450 1628 quidem
486 1560 691 1610 futurus
729 1560 799 1608 sit
832 1559 1095 1609 absolutus
1147 1565 1201 1608 et
1239 1561 1516 1624 perfectus.
1589 1562 1732 1612 Haec
1769 1570 1943 1615 autem

242 1636 291 1686 ai
325 1649 356 1684 a
390 1647 473 1683 me
514 1633 626 1696 ipso
661 1628 972 1692 crearentur,
1008 1630 1133 1680 deos
1170 1633 1558 1697 aequipararent
1593 1649 1651 1683 ac
1687 1649 1938 1698 nunquam

173 1699 176 1704 ’
245 1709 583 1756 morerentur.
655 1701 832 1766 ltaque
873 1703 972 1752 iam
1020 1702 1188 1764 tobia,
1237 1705 1321 1766 qui
1356 1720 1386 1753 a
1422 1716 1505 1754 me
1545 1705 1745 1756 habetis
1782 1708 1937 1772 origi-

243 1792 381 1839 nem,
416 1790 593 1826 eorum
628 1775 1008 1839 generationem
1033 1771 1295 1826 demando.
1368 1777 1686 1841 Accipite
1725 1778 1938 1830 tamen

243 1864 276 1899 a
323 1864 418 1898 me
467 1847 715 1897 semina
766 1846 910 1895 eius
957 1846 1296 1910 animalia,
1337 1847 1504 1911 quod
1550 1848 1940 1901 immortale

246 1921 379 1971 erit
412 1923 609 1982 atque
646 1915 938 1967 rationis
977 1922 1043 1967 et
1080 1917 1385 1968 iustitiae
1420 1921 1801 1984 particeps;
1845 1935 1939 1971 voa

241 1997 414 2042 autem
459 1989 736 2040 immortali
790 1989 1006 2038 mortale
1039 1992 1330 2040 attexentea
1365 1990 1543 2056 fingite
1578 1992 1846 2045 animantia
1881 1998 1936 2043 et

241 2067 544 2130 procreate,
605 2062 996 2125 alimentumque
1052 2062 1359 2125 praebentes
1421 2067 1635 2128 augete,
1692 2067 1748 2112 et
1805 2078 1936 2114 con-

242 2141 409 2187 sumta
443 2146 619 2183 rursus
654 2133 887 2197 recipite.
931 2160 990 2167 —
1066 2131 1161 2182 His
1212 2132 1363 2183 dictis
1409 2133 1461 2184 in
1503 2134 1662 2183 calice
1706 2133 1829 2196 ino,
1881 2136 1936 2184 iu

241 2219 342 2272 quo
388 2202 671 2270 temperat'a
719 2208 863 2254 erant
908 2204 1103 2253 animae
1151 2204 1425 2254 mundanae
1471 2204 1746 2267 elementa5
1802 2206 1934 2256 reai-

242 2280 366 2329 duas
403 2279 650 2327 mixturae
684 2282 858 2340 partes
894 2274 1058 2324 denuo
1092 2277 1413 2339 temperavit,
1445 2283 1736 2328 nontamen
1773 2288 1937 2341 aeque

238 2365 393 2417 puras
443 2349 557 2398 illas
606 2353 758 2410 atque
811 2347 1073 2411 superiora
1109 2347 1329 2400 fuerant.
1399 2348 1511 2411 Quo
1547 2347 1688 2397 facto
1723 2349 1936 2414 siugulis

240 2422 493 2474 sideribus
531 2420 751 2484 singulas
797 2419 985 2468 animas
1019 2419 1249 2467 attribuit
1284 2424 1518 2484 tanquam
1553 2419 1797 2470 vehiculis
1833 2422 1934 2470 im-
2017 2474 2022 2478 ,

240 2495 466 2559 positas,
510 2497 573 2562 ut
607 2498 940 2556 generaretur
975 2489 1158 2538 deinde
1193 2491 1373 2539 animal
1413 2491 1621 2540 deorum
1658 2491 1812 2555 longe
1845 2484 1938 2541 re?

238 2563 644 2615 verentissimum
692 2567 844 2626 atque
891 2561 1359 2626 religiosissimum,
1418 2562 1518 2611 hoc
1555 2567 1664 2623 est,
1722 2562 1930 2617 homo.

242 2635 501 2688 Praedixit
535 2649 690 2694 vero5
729 2634 888 2696 qualis
927 2634 1034 2682 eius
1070 2639 1242 2681 natura
1280 2637 1420 2682 esset
1453 2633 1639 2682 futura.
1711 2632 1933 2684 Primum

246 2710 379 2758 enim
417 2707 630 2756 alteram
667 2705 775 2754 eius
812 2710 1007 2769 purtem
1046 2703 1160 2752 sore
1196 2703 1416 2764 viritem}
1462 2703 1672 2753 alteram
1722 2718 1935 2769 eamque

239 2779 627 2830 imbecilliorem
664 2776 979 2826 muliebrem.
1053 2775 1247 2824 Deinde
1295 2791 1442 2839 quum
1479 2775 1735 2825 hominum
1783 2777 1933 2827 animi

244 2852 554 2901 necessitate
591 2849 887 2912 corporibus
914 2847 1068 2896 iuncti
1102 2846 1310 2904 fuerint,
1351 2849 1402 2896 in
1439 2852 1682 2912 perpetua
1716 2849 1932 2910 partium

252 2937 426 2970 eorum
477 2922 692 2968 fluxione
742 2935 956 2968 necesse
1005 2918 1151 2980 fore,
1212 2924 1268 2967 ut
1329 2933 1507 2968 sensus
1566 2933 1625 2966 ac
1670 2921 1936 2983 perceptio

246 2993 476 3041 omnibus
530 3007 559 3038 e
608 2989 1071 3039 vehementioribus
1133 2995 1339 3038 naturae
1391 2990 1611 3039 motibus
1668 2990 1933 3052 existeret,

244 3063 427 3113 deinde
453 3063 636 3110 mixtus
675 3079 703 3110 e
740 3063 997 3126 voluptate
1034 3066 1088 3109 et
1125 3060 1301 3111 dolore
1326 3062 1524 3125 cupido,
1562 3060 1778 3124 denique
1815 3074 1929 3110 me—

243 3142 330 3186 tus
378 3139 433 3182 et
480 3134 554 3181 ira
604 3140 656 3181 et
705 3134 888 3197 reliqui
937 3133 1087 3182 animi
1134 3138 1300 3182 motus
1349 3133 1472 3181 varii
1506 3132 1641 3181 inter
1682 3146 1739 3179 se
1777 3137 1931 3195 atque

245 3207 610 3268 discrepantes,
680 3205 817 3265 Quos
845 3205 1043 3267 quidem
1068 3209 1237 3252 motus
1269 3218 1441 3253 omnes
1469 3204 1554 3266 qui
1589 3203 1796 3252 rationis
1833 3204 1928 3252 im-

241 3279 386 3344 perio
424 3282 564 3323 esset
600 3275 992 3335 gubernaturus,
1048 3290 1161 3324 eum
1199 3277 1332 3325 iuste
1371 3291 1487 3324 esse
1526 3275 1798 3335 victurum,
1846 3275 1932 3337 qui

249 3355 418 3398 autem
453 3362 510 3395 se
558 3345 735 3392 iisdem
776 3346 1016 3405 «lederet,
1065 3347 1298 3396 iniustam
1345 3354 1569 3395 acturum
1606 3362 1724 3401 esse
1758 3346 1929 3398 vitam.

243 3421 475 3484 Denique
520 3418 671 3466 etiam
719 3416 937 3466 fatorum
985 3416 1155 3483 legem
1203 3417 1445 3484 quandam
1491 3418 1713 3469 humano
1754 3417 1934 3486 generi
