2072 3698
283 150 395 203 494
869 147 1384 205 ADDITAMENTA.

283 306 411 358 quae
459 298 635 345 natura
680 307 771 344 sua
815 291 878 342 ad
928 294 1244 344 differentiae
1280 298 1335 344 et
1379 295 1632 344 varietatis
1668 296 1959 346 inconstan-

281 367 406 418 tiam
453 367 688 431 proclivis
738 370 848 425 est,
885 365 1043 429 qualis
1080 366 1130 415 in
1177 367 1328 425 rebus
1367 368 1458 414 snb
1497 383 1674 417 sensns
1714 369 1958 418 subiectis

283 440 525 492 cernitur.
608 436 1034 500 Quemadmodum
1080 437 1234 501 igitur
1267 438 1317 486 in
1354 437 1568 486 Philebo
1606 440 1846 501 docetur,
1882 440 1954 488 vi-

284 514 387 560 tam
404 511 598 560 beatam
618 513 851 557 constare
878 523 937 555 ex
957 508 1217 572 sapientia,
1238 520 1365 570 quae
1389 507 1436 556 f
1421 526 1438 558 ι
1451 527 1481 558 ιι
1497 511 1513 558 i
1529 516 1590 558 to
1619 527 1953 559 annumeran-

286 581 350 631 da
386 583 480 639 sit,
518 587 572 629 et
608 595 669 627 ex
703 578 994 642 voluptate,
1035 595 1160 643 quae
1197 580 1450 644 pertineat
1484 581 1545 628 ad
1588 581 1952 643 infinitum,

282 651 489 708 italioc
525 649 721 701 Timaei
757 649 871 698 loco
919 651 1077 698 anima
1100 650 1417 707 mundanavex
1455 651 1597 700 finito
1638 652 1860 700 idearum
1899 658 1954 700 et

281 723 545 776 indefinito
594 735 863 785 corporum
917 721 1170 771 elemento
1218 716 1499 785 composita
1536 739 1651 771 esse
1688 723 1954 776 iudicatur.

281 794 430 860 Quod
471 795 518 843 si
562 795 633 843 ita
681 808 798 841 esse
844 795 1113 854 sumseris,
1160 808 1399 856 nusquam
1447 808 1540 857 per
1575 800 1737 843 totum
1773 794 1955 843 librum

281 867 525 926 haereas,
575 879 819 928 nusquam
868 863 1118 926 offendas3
1163 865 1264 912 imo
1306 879 1425 912 vero
1475 866 1664 926 omnia,
1719 881 1844 928 quae
1889 865 1956 914 de

283 938 418 988 coeli
464 938 708 996 motibus,
758 934 822 982 de
868 937 1064 984 animae
1110 936 1352 983 humanae
1392 936 1644 998 partibus,
1681 935 1745 984 de
1783 952 1954 986 earum

279 1014 460 1061 natura
509 1012 564 1056 et
599 1003 737 1068 sede,
775 1005 988 1069 deniqne
1026 1006 1089 1054 de
1124 1005 1270 1054 huius
1309 1006 1523 1054 universi
1563 1007 1751 1055 fabrica
1786 1008 1956 1055 disse-

284 1086 482 1139 runtnr,
520 1079 653 1128 clara
680 1083 829 1128 erunt
850 1082 902 1126 et
925 1078 1207 1142 perspicua.
1246 1072 1457 1141 Neque
1442 1093 1537 1126 iam
1565 1077 1687 1126 illud
1714 1079 1810 1127 erit
1848 1094 1955 1135 am-

284 1153 517 1216 bignnm,
561 1160 800 1214 qiiorsnm
838 1141 901 1199 τὸ
947 1147 1043 1211 τῆς
1081 1143 1271 1207 οὐσίας
1302 1146 1447 1207 εῖὸος
1488 1152 1754 1212 pertineat.
1826 1149 1955 1214 Nam

284 1224 467 1274 iunctis
504 1221 604 1270 illis
640 1220 834 1268 duobus
874 1219 1139 1268 elementis
1179 1224 1232 1268 et
1264 1220 1314 1268 in
1350 1235 1498 1268 unum
1527 1221 1826 1270 consociatis
1848 1223 1956 1272 ori-

284 1299 386 1344 tur,
420 1287 802 1352 existentia,
853 1307 998 1356 quam
1047 1306 1165 1339 cave
1203 1307 1314 1339 cum
1350 1291 1396 1338 vi
1434 1295 1487 1338 et
1521 1298 1697 1341 natura
1729 1292 1954 1354 idearum

286 1370 345 1415 et.
377 1379 644 1429 corporum
684 1362 976 1414 confundas,
1055 1362 1361 1427 intelligitur
1405 1360 1536 1411 enim
1576 1362 1708 1428 quod
1746 1379 1838 1413 nos
1877 1365 1954 1413 di-

281 1437 444 1488 cimus
492 1437 604 1485 das
651 1434 906 1484 Daseim
988 1433 1190 1482 Etenim
1238 1434 1498 1498 utriusque
1544 1434 1679 1483 illius
1717 1435 1958 1501 elementi

283 1507 606 1573 copulatione
640 1506 741 1555 hoc
777 1507 977 1556 demum
1014 1505 1263 1565 efficitur,
1303 1510 1359 1554 ut
1395 1500 1544 1555 e'sse
1579 1507 1745 1571 possit
1779 1508 1958 1562 anima.

280 1579 428 1629 Hanc
472 1579 631 1643 ipsam
678 1592 798 1626 vero
848 1575 1105 1626 essendi
1157 1576 1709 1642 possibilitatem,
1747 1584 1804 1629 ut
1839 1580 1958 1628 bar-

281 1649 426 1717 bare..
444 1650 690 1711 dicamus,
725 1647 1059 1713 philosophus
1097 1664 1191 1712 per
1236 1664 1292 1697 se
1339 1663 1568 1697 seorsum
1606 1650 1780 1714 posuit
1811 1650 1957 1700 ideo·
2042 1690 2047 1696 .

283 1737 383 1787 quc
426 1727 661 1785 tanquam
703 1721 908 1769 tertium
963 1720 1221 1784 quiddam,
1275 1718 1407 1783 quod
1444 1724 1612 1768 tamen
1646 1722 1847 1786 utrique
1882 1723 1958 1771 illi

283 1797 425 1843 esset
473 1807 749 1852 commune,
787 1790 1107 1856 spectandam
1157 1788 1261 1839 iudi
1267 1791 1406 1838 aevit.
1486 1790 1733 1839 Adiuncta
1790 1799 1958 1844 autem

286 1879 348 1914 ea
411 1867 464 1919 et
525 1878 636 1912 cum
715 1862 909 1911 infinito
950 1862 1216 1925 finitoque
1277 1861 1526 1910 elemento
1580 1863 1814 1926 copulata
1869 1881 1956 1914 re·-

283 1948 406 1984 vera
452 1935 614 1983 oritur
661 1935 847 1995 anima,
896 1948 1047 1997 quam
1095 1935 1257 1996 ipsam
1306 1948 1360 1980 (35
1341 1948 1422 1980 se
1466 1925 1529 1981 τὸ
1582 1937 1956 2003 συμμεμιαγιιὲ-

282 2022 385 2058 νον
428 2021 573 2054 nemo
627 2009 820 2052 temere
870 2020 1056 2069 negare
1109 2003 1324 2052 audebit.
1398 2004 1472 2052 Ita
1509 2002 1661 2067 igitur
1697 2006 1820 2055 nihil
1857 2014 1955 2069 est,

280 2093 375 2127 cur
410 2078 470 2126 ab
505 2077 923 2142 interpretatione
959 2080 1128 2124 nostra
1164 2077 1215 2124 in
1263 2072 1647 2130 Commentariis
1695 2080 1958 2143 proposita

282 2148 363 2198 vel
397 2144 644 2196 tantillum
680 2147 988 2198 recedamus,
1061 2146 1171 2209 Quo
1206 2145 1384 2194 melius
1420 2153 1584 2194 tamen
1621 2147 1682 2194 ab
1725 2151 1954 2200 omnibus

279 2219 615 2284 intelligatur,
663 2235 788 2283 quae
827 2218 894 2266 sit
930 2217 1195 2267 verborum
1231 2216 1455 2266 Platonis
1492 2217 1815 2282 significatio,
1853 2238 1954 2285 non

280 2308 310 2341 a
362 2292 626 2357 proposito
676 2290 890 2339 alenam
938 2305 1052 2338 esse
1099 2295 1332 2353 putamus
1379 2289 1726 2338 Germanicam
1779 2308 1953 2344 eorum

237 2360 748 2428 ‘interpretationem
803 2360 901 2409 hoc
947 2360 1061 2408 loco
1110 2374 1381 2425 apponere.
1468 2358 1603 2409 Dicit
1648 2361 1803 2426 igitur
1860 2365 1950 2414 'li-

276 2450 450 2484 maeus
499 2434 626 2482 hoc:
709 2431 847 2483 Von
899 2429 1036 2480 dem
1099 2425 1574 2480 untheilbaren
1634 2433 1755 2482 und
1806 2436 1947 2486 sich

274 2502 496 2555 immer
531 2504 756 2570 gleich
791 2503 1111 2552 seienden
1146 2501 1377 2552 Wesen
1424 2503 1548 2552 und
1593 2504 1949 2557 wiederum

276 2592 399 2626 von
444 2576 581 2626 dem
631 2591 702 2624 an
751 2575 868 2623 den-
915 2573 1211 2639 Kiirpern
1267 2572 1563 2621 theilbar
1631 2570 1948 2630 seienden

275 2643 509 2702 Wesen
545 2645 826 2697 mischte
865 2644 1033 2694 'Gott
1068 2647 1210 2694 eine
1247 2644 1459 2693 dritte
1495 2646 1616 2693 Art
1652 2662 1770 2697 von
1807 2650 1947 2700 We-

274 2735 388 2769 sen
436 2736 542 2768 aus
591 2717 827 2779 beiden
875 2717 936 2765 in
983 2717 1098 2765 der
1148 2711 1376 2776 Mitte,
1422 2731 1544 2764 zur
1587 2715 1793 2768 Natur
1829 2721 1945 2772 des

274 2787 987 2856 Sichselbstgleichen
1034 2786 1157 2836 und
1206 2787 1316 2851 des
1362 2786 1625 2837 Andern
1675 2786 1941 2856 (Theilba-

272 2858 389 2930 ren)
426 2862 732 2926 geliiirig,
778 2858 900 2909 und
949 2858 1350 2922 demgemiiss
1403 2858 1640 2908 stellte
1692 2877 1762 2911 er
1807 2863 1942 2914 die-

274 2934 458 2982 selbe
494 2935 555 2982 in
592 2933 693 2981 die
715 2931 915 2981 Mitte
951 2931 1067 2979 des
1095 2927 1715 2980 Untheilbarenvon
1751 2933 1941 2986 ihnen

270 3002 390 3053 und
435 3004 544 3054 des
594 3021 665 3053 an
714 3002 831 3051 den
870 3001 1168 3066 Korpern
1217 2998 1648 3053 ’11](3111)(ιι·(3ιι.
1734 3000 1827 3070 (Es
1872 3009 1942 3058 ist

269 3076 486 3124 nemlich
534 3075 621 3125 das
667 3075 824 3122 dritte
870 3072 1040 3122 nichts
1077 3073 1290 3122 anderes
1335 3070 1410 3119 als
1448 3071 1549 3120 die
1565 3072 1768 3122 Einheit
1796 3079 1946 3143 jener

219 3177 228 3181 —
273 3148 395 3195 zwei
442 3143 582 3194 ihrer
625 3143 962 3209 Miiglichkeit
1006 3143 1133 3192 nach
1169 3142 1386 3208 gedacht
1420 3141 1519 3190 und
1555 3141 1710 3193 daher
1747 3155 1945 3200 vorerst

269 3217 344 3266 als
382 3218 599 3265 obiectiv
634 3180 744 3263 fiir²³
756 3215 866 3264 sich
900 3211 1142 3297 gesetzt).
1213 3211 1354 3263 Und
1390 3215 1490 3262 sie
1528 3213 1666 3265 drei
1703 3219 1798 3268 als
1835 3220 1942 3270 fiir

269 3288 416 3338 sich
474 3303 659 3336 seien
678 3288 708 3334 d
756 3283 865 3354 (als
916 3302 1010 3334 von
1073 3284 1308 3333 einander
1369 3285 1735 3357 verschieden)
1797 3307 1939 3339 ver-

265 3357 533 3435 mischte
573 3359 737 3409 Gott
776 3358 929 3408 alle
946 3372 1023 3408 zu
1054 3357 1237 3408 einer
1276 3354 1691 3424 Gestaltung,
1729 3363 1940 3414 indcm
