2072 3698
251 201 326 253 so
793 170 1370 256 'rnotmeomsum

252 343 348 394 tia
394 348 596 407 atque
645 341 831 406 finis,
877 343 940 393 ad
989 358 1137 407 quem
1183 344 1348 394 omnia
1383 344 1734 412 referrentur,
1785 357 1978 413 quae&

250 416 480 465 rentibus
519 415 642 464 nihil
679 416 812 465 aliud
856 418 1015 465 visum
1055 420 1136 464 est
1170 410 1373 466 Platoni
1406 418 1569 468 fuisse
1605 421 1938 485 propositum,

249 487 488 548 nisiben,
525 492 582 536 ut
602 487 892 548 doceretur,
932 501 1081 550 quum
1120 500 1319 537 omnem
1355 496 1520 538 rerum
1562 492 1936 544 universitatem

248 563 355 608 tum
393 559 658 607 humanam
684 566 911 607 naturam
950 574 978 605 a
1015 573 1210 605 summo
1248 558 1386 621 Deo,
1425 561 1594 610 mundi
1631 562 1830 626 opifice,
1864 565 1938 614 ita

248 630 437 680 factam
491 646 637 689 esse,
687 635 743 678 ut
791 644 902 697 pro.
933 643 1021 676 sua
1074 629 1303 679 bonitate
1338 632 1390 680 in
1428 648 1487 680 ea
1521 633 1779 682 condenda
1815 635 1935 684 boni

248 707 306 752 et
340 702 502 766 pulcri
550 701 714 749 ideam
753 700 1062 764 spectaverit
1097 699 1312 764 ideoque
1350 718 1490 762 eam,
1543 712 1776 767 quantum
1818 706 1934 768 qui-

246 773 362 822 dem
402 773 653 821 derebus
690 773 876 836 genitis
912 771 1202 836 intelligere
1237 773 1419 834 liceat,
1468 774 1529 822 ad
1567 777 1934 840 perfectissimi

245 843 416 895 mundi
453 844 673 907 speciem
699 848 752 891 et
786 843 1042 908 exemplar
1062 843 1318 894 effinxerit
1355 852 1406 894 et
1432 845 1744 900 formaverit.
1813 838 1930 897 Hoc

247 922 594 981 argumentum
643 919 810 962 autem
859 914 1191 979 philosophus
1247 917 1318 965 ita
1362 919 1622 977 tractavit,
1679 923 1736 967 ut
1781 920 1932 970 simul

245 987 619 1049 confirmaverit
680 990 734 1033 et
788 986 1120 1035 illustraverit
1177 1004 1258 1047 ea,
1317 1003 1444 1050 quae
1491 990 1542 1038 in
1590 989 1733 1038 libris
1782 997 1932 1040 antea

245 1059 450 1122 scriptis
489 1057 551 1107 de
588 1057 789 1105 virtutis
829 1065 884 1107 et
919 1056 1134 1107 civitatis
1172 1059 1489 1122 perfectione
1526 1077 1584 1109 ac
1620 1062 1931 1124 praestantia

245 1131 603 1193 disputaverat.
676 1129 823 1190 Quod
879 1130 1010 1195 enim
1060 1146 1207 1192 quum
1254 1130 1363 1179 aliis
1416 1133 1773 1195 scriptionibus
1821 1140 1934 1184 tum

242 1202 456 1251 maxime
491 1197 822 1263 Reipublicae
859 1216 1016 1265 opere
1053 1202 1402 1250 demonstrare
1439 1204 1698 1266 voluerat,
1737 1209 1790 1253 et
1827 1206 1930 1254 siu-

241 1275 474 1339 gu‘lorum
518 1272 774 1321 hominum
820 1273 970 1321 vitam
1025 1278 1080 1322 et
1115 1270 1396 1322 unirersam
1435 1275 1614 1323 civium
1651 1277 1930 1325 communi·

239 1350 403 1394 tatem
451 1343 725 1408 regendam
766 1344 1224 1407 instituendamque
1280 1361 1396 1393 esse
1427 1345 1487 1392 ad
1526 1343 1643 1395 bon'i
1678 1347 1842 1396 ideam
1877 1349 1932 1398 in

239 1417 397 1481 ipsius
446 1415 663 1464 hominis
709 1415 880 1464 indole
929 1431 986 1464 ac
1034 1421 1209 1465 natura
1245 1416 1591 1480 conspicuam,
1638 1417 1691 1466 id
1736 1419 1786 1467 in
1838 1419 1930 1468 Ti-

239 1504 386 1537 maeo
445 1487 754 1551 argumentis
817 1488 1172 1553 cosmologicis
1231 1493 1385 1551 atque
1440 1488 1801 1554 physiologicis
1857 1489 1931 1540 ita

239 1561 541 1609 confirmare
594 1575 652 1607 ac
699 1559 929 1613 stabilire
979 1564 1220 1620 conatur,
1273 1564 1331 1607 ut
1383 1575 1412 1608 a
1458 1576 1627 1608 rerum
1685 1562 1929 1611 universi-

237 1637 345 1680 tate
402 1624 612 1679 exorsus
675 1630 738 1678 ad
810 1630 1073 1679 humanam
1132 1634 1368 1679 naturam
1443 1631 1719 1680 descendat
1776 1639 1929 1695 atque

236 1702 367 1752 lianc
401 1702 468 1750 «ad
504 1702 640 1750 illius
677 1701 1055 1765 similitudinem
1091 1718 1150 1751 ac
1186 1717 1410 1751 normam
1443 1703 1770 1767 compositam
1811 1720 1929 1754 esse

237 1774 437 1826 doceat.
520 1773 949 1836 Quemadmodum
986 1774 1151 1838 ‘igitur
1203 1774 1254 1821 in
1307 1773 1587 1836 Republica
1643 1775 1928 1839 disputatur

237 1863 330 1910 per
387 1861 585 1894 omnem
642 1846 900 1895 hominum
958 1847 1109 1893 vitam
1162 1848 1214 1893 ct
1271 1846 1511 1907 privatam
1560 1850 1615 1895 et
1678 1847 1927 1910 publicam

219 1926 451 1982 'regnare
500 1922 742 1980 oportere
791 1918 909 1966 boni
961 1918 1220 1981 pulcrique
1257 1916 1450 1977 ideam,
1499 1916 1560 1965 ad
1599 1929 1744 1979 quam
1780 1933 1928 1970 unam

238 1989 700 2053 omuia,dirigenda
737 1990 867 2050 sint,
895 1989 966 2038 ita
1002 1990 1053 2038 in
1092 1988 1305 2052 Timaeo
1344 1988 1553 2037 eandem
1590 1989 1728 2039 illam
1768 1990 1924 2039 doce-

191 2101 199 2105 .
237 2067 320 2109 tur
371 2058 464 2124 per
509 2066 670 2109 totam
733 2077 902 2110 rerum
955 2061 1334 2122 universitatem
1385 2060 1628 2110 dominari
1673 2067 1827 2124 atque
1874 2063 1926 2112 in

235 2133 450 2182 humana
499 2148 697 2195 quoque
742 2133 913 2181 indole
957 2147 1015 2181 ac
1052 2137 1240 2180 matura
1276 2146 1580 2194 ,expressam
1617 2134 1775 2185 cerni.
1846 2133 1924 2185 Ex

236 2220 337 2268 quo
377 2208 585 2268 apparet
621 2203 682 2252 ad
723 2205 986 2254 Timaeum
1026 2219 1224 2266 quoque
1252 2203 1510 2266 pertinere
1534 2203 1665 2267 quod
1707 2204 1924 2268 de'plu-

187 2336 189 2342 s
234 2277 374 2325 rimis
413 2277 521 2324 aliis
560 2277 766 2340 scriptis
798 2277 1018 2325 Platonis
1068 2276 1186 2323 alibi
1235 2274 1922 2335 iudicavimus,'discernen-

235 2348 351 2397 dum
373 2348 484 2395 fere
521 2349 570 2395 iu
608 2348 669 2396 iis
708 2364 822 2396 esse
849 2347 1033 2413 duplex
1061 2347 1330 2410 scriptoris
1368 2346 1649 2407 consilium,
1686 2347 1921 2408 alterum,

234 2419 366 2484 quod
416 2421 466 2468 in
523 2419 878 2483 disputationis
937 2423 1208 2483 susceptae
1253 2422 1554 2482 argumento
1608 2423 1663 2467 et
1711 2421 1922 2469 materia

231 2499 501 2551 cernatur,
548 2491 792 2552 alterum,
845 2490 976 2556 quod
1014 2489 1273 2539 referatur
1307 2489 1370 2537 ad
1406 2494 1666 2538 externum
1705 2491 1922 2555 aliquem

231 2564 384 2611 finem
445 2578 556 2610 cum
613 2562 708 2612 hac
769 2565 879 2626 ipsa
938 2563 1148 2612 materia
1203 2561 1489 2608 arctissime
1543 2561 1916 2611 cohaerentem.

228 2634 354 2684 Nam
409 2649 469 2682 eo
524 2631 670 2698 ipso,
725 2635 855 2698 quod
903 2634 952 2682 in
992 2634 1091 2681 l‘eoc
1131 2648 1288 2695 opere
1326 2632 1389 2679 de
1426 2648 1594 2680 rerum
1634 2632 1921 2695 disputatur

227 2713 405 2754 natura
447 2705 538 2764 sic,
575 2710 632 2753 ut
669 2707 829 2754 omnia
857 2705 917 2752 ad
954 2704 1071 2754 boni
1095 2705 1256 2752 ideam
1298 2718 1324 2749 a
1354 2702 1523 2751 mundi
1561 2704 1746 2766 opifice
1782 2704 1920 2754 facta

230 2786 284 2825 et
331 2778 547 2826 formata
596 2793 712 2826 esse
762 2776 1083 2835 ostendatur,
1133 2774 1280 2823 simul
1331 2775 1482 2822 etiam
1537 2773 1762 2823 efficitur
1798 2775 1914 2837 hoc,

228 2854 286 2897 ut
322 2865 447 2913 quae
498 2849 615 2897 alibi
667 2849 731 2897 de
781 2850 974 2913 optimo
1022 2847 1226 2895 homine
1277 2845 1753 2910 perfectissimaque
1790 2849 1916 2896 civi-

226 2925 334 2967 tate
371 2921 619 2983 explicata
658 2926 809 2979 sunt,
859 2935 919 2968 ex
954 2919 1115 2981 ipsius
1161 2923 1370 2966 naturae
1411 2917 1668 2981 pr'picipiis
1705 2934 1763 2968 ac
1798 2918 1916 2968 fon-

227 2992 362 3040 tibus
399 2991 549 3039 ducta
588 3008 705 3041 esse
742 2991 1075 3057 probabiliter
1113 2994 1552 3039 commonstretur.

371 3132 539 3194 Atque
588 3131 669 3179 his
717 3133 787 3179 ita
835 3133 884 3180 in
925 3132 1210 3181 universum
1249 3131 1523 3197 exploratis
1562 3145 1662 3179 non
1700 3130 1913 3182 difficile

225 3205 328 3255 erit
363 3203 596 3251 iudicium
638 3202 699 3249 de
736 3204 889 3252 rebus
929 3184 1190 3268 piurimis,
1231 3219 1377 3268 quae,
1414 3203 1510 3252 nisi
1546 3203 1633 3251 illa
1671 3206 1912 3266 tenueris,

225 3276 488 3342 plurimam
529 3289 647 3320 sane
685 3274 945 3324 dubitandi
980 3274 1139 3339 atque
1165 3274 1448 3340 ambigendi
1475 3275 1734 3324 materiam
1760 3291 1921 3340 prae-

226 3351 350 3399 bere
389 3346 602 3410 possint.
677 3345 855 3409 Neque
906 3349 1036 3396 enim
1090 3348 1186 3396 iam
1224 3349 1451 3410 cuiquam
1490 3347 1912 3407 obscurum=erit,

229 3421 315 3488 qui
351 3418 470 3479 fiat,
520 3420 579 3466 ut
614 3413 851 3482 Socrates
889 3419 936 3468 in
983 3419 1236 3486 principio
1277 3419 1463 3487 dialogi
1510 3419 1782 3486 praecipua
1825 3434 1912 3469 ca-
