<?xml version="1.0" encoding="UTF-8"?>
<!DOCTYPE html PUBLIC "-//W3C//DTD XHTML 1.0 Transitional//EN"
    "http://www.w3.org/TR/xhtml1/DTD/xhtml1-transitional.dtd">
<html xmlns="http://www.w3.org/1999/xhtml" xml:lang="en" lang="en">
 <head>
  <title>
</title>
<meta http-equiv="Content-Type" content="text/html;charset=utf-8" />
  <meta name='ocr-system' content='tesseract 3.04.00' />
  <meta name='ocr-capabilities' content='ocr_page ocr_carea ocr_par ocr_line ocrx_word'/>
</head>
<body>
  <div class='ocr_page' id='page_1' title='image "./operaomniarecens07platuoft/operaomniarecens07platuoft_0049.png"; bbox 0 0 2072 3698; ppageno 0'>
   <div class='ocr_carea' id='block_1_1' title="bbox 145 148 153 169">
    <p class='ocr_par' dir='ltr' id='par_1_1' title="bbox 145 148 153 169">
     <span class='ocr_line' id='line_1_1' title="bbox 145 148 153 169; baseline 0 0"><span class='ocrx_word' id='word_1_1' title='bbox 145 148 153 169; x_wconf 83' lang='grc' dir='ltr'><em>Ι</em></span> 
     </span>
    </p>
   </div>
   <div class='ocr_carea' id='block_1_2' title="bbox 568 191 1765 272">
    <p class='ocr_par' dir='ltr' id='par_1_2' title="bbox 568 191 1765 272">
     <span class='ocr_line' id='line_1_2' title="bbox 568 191 1765 272; baseline 0.005 -27"><span class='ocrx_word' id='word_1_2' title='bbox 568 206 573 211; x_wconf 91' lang='grc'><em>·</em></span> <span class='ocrx_word' id='word_1_3' title='bbox 644 191 1189 250; x_wconf 67' lang='lat' dir='ltr'><strong>raonseomum,</strong></span> <span class='ocrx_word' id='word_1_4' title='bbox 1274 250 1285 272; x_wconf 74' lang='grc'>,</span> <span class='ocrx_word' id='word_1_5' title='bbox 1692 199 1765 251; x_wconf 72' lang='lat' dir='ltr'><strong>ao</strong></span> 
     </span>
    </p>
   </div>
   <div class='ocr_carea' id='block_1_3' title="bbox 91 332 1772 1180">
    <p class='ocr_par' dir='ltr' id='par_1_3' title="bbox 91 332 1772 1180">
     <span class='ocr_line' id='line_1_3' title="bbox 93 332 1770 402; baseline -0.001 -14"><span class='ocrx_word' id='word_1_6' title='bbox 93 338 311 389; x_wconf 85' lang='lat' dir='ltr'><strong>Locrum</strong></span> <span class='ocrx_word' id='word_1_7' title='bbox 359 333 438 385; x_wconf 78' lang='lat' dir='ltr'><strong>De</strong></span> <span class='ocrx_word' id='word_1_8' title='bbox 493 332 654 384; x_wconf 77' lang='lat' dir='ltr'><strong>anima</strong></span> <span class='ocrx_word' id='word_1_9' title='bbox 700 334 870 385; x_wconf 88' lang='lat' dir='ltr'><strong>mundi</strong></span> <span class='ocrx_word' id='word_1_10' title='bbox 914 340 970 386; x_wconf 91' lang='lat' dir='ltr'><strong>et</strong></span> <span class='ocrx_word' id='word_1_11' title='bbox 1013 340 1205 389; x_wconf 82' lang='lat' dir='ltr'><strong>natura.</strong></span> <span class='ocrx_word' id='word_1_12' title='bbox 1260 335 1490 402; x_wconf 78' lang='lat' dir='ltr'><strong>Lugdun.</strong></span> <span class='ocrx_word' id='word_1_13' title='bbox 1538 334 1770 394; x_wconf 76' lang='lat' dir='ltr'><strong>Batavor.</strong></span> 
     </span>
     <span class='ocr_line' id='line_1_4' title="bbox 95 404 1770 472; baseline -0.001 -14"><span class='ocrx_word' id='word_1_14' title='bbox 95 410 253 462; x_wconf 72' lang='lat'><strong>1836.</strong></span> <span class='ocrx_word' id='word_1_15' title='bbox 300 408 351 459; x_wconf 74' lang='grc' dir='ltr'><strong>Β.</strong></span> <span class='ocrx_word' id='word_1_16' title='bbox 409 404 567 472; x_wconf 77' lang='grc' dir='ltr'><strong>Ρ.ἸΙ.’</strong></span> <span class='ocrx_word' id='word_1_17' title='bbox 614 420 723 468; x_wconf 81' lang='lat' dir='ltr'><strong>sqq.</strong></span> <span class='ocrx_word' id='word_1_18' title='bbox 806 406 877 456; x_wconf 92' lang='lat' dir='ltr'><strong>Hi</strong></span> <span class='ocrx_word' id='word_1_19' title='bbox 926 407 1057 456; x_wconf 89' lang='lat' dir='ltr'><strong>enim</strong></span> <span class='ocrx_word' id='word_1_20' title='bbox 1108 407 1406 457; x_wconf 70' lang='lat' dir='ltr'><strong>certissimis</strong></span> <span class='ocrx_word' id='word_1_21' title='bbox 1461 409 1770 471; x_wconf 72' lang='lat' dir='ltr'><strong>argumentis</strong></span> 
     </span>
     <span class='ocr_line' id='line_1_5' title="bbox 96 469 1771 543; baseline -0.001 -14"><span class='ocrx_word' id='word_1_22' title='bbox 96 473 376 529; x_wconf 81' lang='lat' dir='ltr'><strong>effecerunt</strong></span> <span class='ocrx_word' id='word_1_23' title='bbox 437 490 536 526; x_wconf 86' lang='lat' dir='ltr'><strong>non</strong></span> <span class='ocrx_word' id='word_1_24' title='bbox 585 469 850 527; x_wconf 81' lang='lat' dir='ltr'><strong>Platonem</strong></span> <span class='ocrx_word' id='word_1_25' title='bbox 899 494 959 526; x_wconf 83' lang='lat' dir='ltr'><strong>ex</strong></span> <span class='ocrx_word' id='word_1_26' title='bbox 997 477 1206 529; x_wconf 80' lang='lat' dir='ltr'><strong>Timaeo</strong></span> <span class='ocrx_word' id='word_1_27' title='bbox 1243 479 1546 531; x_wconf 69' lang='lat' dir='ltr'><strong>istoLocro</strong></span> <span class='ocrx_word' id='word_1_28' title='bbox 1584 480 1771 543; x_wconf 82' lang='lat' dir='ltr'><strong>profe-</strong></span> 
     </span>
     <span class='ocr_line' id='line_1_6' title="bbox 95 546 1772 611; baseline 0.001 -12"><span class='ocrx_word' id='word_1_29' title='bbox 95 552 248 610; x_wconf 87' lang='lat' dir='ltr'><strong>cisse,</strong></span> <span class='ocrx_word' id='word_1_30' title='bbox 287 546 379 598; x_wconf 84' lang='lat' dir='ltr'><strong>sed</strong></span> <span class='ocrx_word' id='word_1_31' title='bbox 412 547 511 596; x_wconf 85' lang='lat' dir='ltr'><strong>hoc</strong></span> <span class='ocrx_word' id='word_1_32' title='bbox 549 548 844 611; x_wconf 86' lang='lat' dir='ltr'><strong>opusculum</strong></span> <span class='ocrx_word' id='word_1_33' title='bbox 884 565 943 597; x_wconf 82' lang='lat' dir='ltr'><strong>ex</strong></span> <span class='ocrx_word' id='word_1_34' title='bbox 981 548 1192 604; x_wconf 82' lang='lat' dir='ltr'><strong>Timaeo</strong></span> <span class='ocrx_word' id='word_1_35' title='bbox 1226 548 1450 598; x_wconf 80' lang='lat' dir='ltr'><strong>Platonis</strong></span> <span class='ocrx_word' id='word_1_36' title='bbox 1489 565 1606 598; x_wconf 87' lang='lat' dir='ltr'><strong>esse</strong></span> <span class='ocrx_word' id='word_1_37' title='bbox 1647 565 1772 600; x_wconf 87' lang='lat' dir='ltr'><strong>con-</strong></span> 
     </span>
     <span class='ocr_line' id='line_1_7' title="bbox 96 617 1771 685; baseline -0.001 -15"><span class='ocrx_word' id='word_1_38' title='bbox 96 623 395 670; x_wconf 81' lang='lat' dir='ltr'><strong>sarcinatum</strong></span> <span class='ocrx_word' id='word_1_39' title='bbox 420 624 573 682; x_wconf 81' lang='lat' dir='ltr'><strong>atque</strong></span> <span class='ocrx_word' id='word_1_40' title='bbox 589 617 897 682; x_wconf 81' lang='lat' dir='ltr'><strong>Pythagorei</strong></span> <span class='ocrx_word' id='word_1_41' title='bbox 920 621 1119 668; x_wconf 89' lang='lat' dir='ltr'><strong>nomine</strong></span> <span class='ocrx_word' id='word_1_42' title='bbox 1143 621 1446 685; x_wconf 81' lang='lat' dir='ltr'><strong>insignitum.</strong></span> <span class='ocrx_word' id='word_1_43' title='bbox 1495 620 1771 669; x_wconf 77' lang='lat' dir='ltr'><strong>Enimvero</strong></span> 
     </span>
     <span class='ocr_line' id='line_1_8' title="bbox 95 687 1770 755; baseline -0.001 -14"><span class='ocrx_word' id='word_1_44' title='bbox 95 692 385 741; x_wconf 82' lang='lat' dir='ltr'><strong>confectum</strong></span> <span class='ocrx_word' id='word_1_45' title='bbox 431 687 555 738; x_wconf 89' lang='lat' dir='ltr'><strong>illud</strong></span> <span class='ocrx_word' id='word_1_46' title='bbox 604 688 803 737; x_wconf 78' lang='lat' dir='ltr'><strong>videtur</strong></span> <span class='ocrx_word' id='word_1_47' title='bbox 855 691 1058 738; x_wconf 88' lang='lat' dir='ltr'><strong>saeculo</strong></span> <span class='ocrx_word' id='word_1_48' title='bbox 1112 690 1398 740; x_wconf 82' lang='lat' dir='ltr'><strong>Christiano</strong></span> <span class='ocrx_word' id='word_1_49' title='bbox 1429 692 1650 755; x_wconf 71' lang='lat' dir='ltr'><strong>secundo</strong></span> <span class='ocrx_word' id='word_1_50' title='bbox 1687 692 1770 740; x_wconf 73' lang='lat' dir='ltr'><strong>vel</strong></span> 
     </span>
     <span class='ocr_line' id='line_1_9' title="bbox 95 759 1770 828; baseline -0.001 -16"><span class='ocrx_word' id='word_1_51' title='bbox 95 763 281 819; x_wconf 87' lang='lat' dir='ltr'><strong>tertio,</strong></span> <span class='ocrx_word' id='word_1_52' title='bbox 331 773 430 824; x_wconf 88' lang='lat' dir='ltr'><strong>quo</strong></span> <span class='ocrx_word' id='word_1_53' title='bbox 478 764 712 823; x_wconf 89' lang='lat' dir='ltr'><strong>tempore</strong></span> <span class='ocrx_word' id='word_1_54' title='bbox 749 759 833 824; x_wconf 90' lang='lat' dir='ltr'><strong>qui</strong></span> <span class='ocrx_word' id='word_1_55' title='bbox 869 763 1144 811; x_wconf 79' lang='lat' dir='ltr'><strong>extiterunt</strong></span> <span class='ocrx_word' id='word_1_56' title='bbox 1179 761 1533 828; x_wconf 71' lang='lat' dir='ltr'><strong>philosophiae</strong></span> <span class='ocrx_word' id='word_1_57' title='bbox 1569 761 1770 828; x_wconf 83' lang='lat' dir='ltr'><strong>Pytha-</strong></span> 
     </span>
     <span class='ocr_line' id='line_1_10' title="bbox 93 827 1771 899; baseline 0.001 -19"><span class='ocrx_word' id='word_1_58' title='bbox 93 833 295 899; x_wconf 81' lang='lat' dir='ltr'><strong>goricae</strong></span> <span class='ocrx_word' id='word_1_59' title='bbox 320 829 508 880; x_wconf 85' lang='lat' dir='ltr'><strong>veteris</strong></span> <span class='ocrx_word' id='word_1_60' title='bbox 544 827 934 893; x_wconf 60' lang='lat' dir='ltr'><strong>restauratores,</strong></span> <span class='ocrx_word' id='word_1_61' title='bbox 970 833 1119 881; x_wconf 75' lang='lat' dir='ltr'><strong>iidem</strong></span> <span class='ocrx_word' id='word_1_62' title='bbox 1143 833 1567 883; x_wconf 76' lang='lat' dir='ltr'><strong>nobilissimorum</strong></span> <span class='ocrx_word' id='word_1_63' title='bbox 1605 833 1771 882; x_wconf 88' lang='lat' dir='ltr'><strong>homi-</strong></span> 
     </span>
     <span class='ocr_line' id='line_1_11' title="bbox 91 901 1771 969; baseline 0.001 -16"><span class='ocrx_word' id='word_1_64' title='bbox 91 920 209 954; x_wconf 87' lang='lat' dir='ltr'><strong>num</strong></span> <span class='ocrx_word' id='word_1_65' title='bbox 259 901 540 952; x_wconf 79' lang='lat' dir='ltr'><strong>nominibus</strong></span> <span class='ocrx_word' id='word_1_66' title='bbox 588 901 744 950; x_wconf 86' lang='lat' dir='ltr'><strong>libros</strong></span> <span class='ocrx_word' id='word_1_67' title='bbox 789 903 850 952; x_wconf 80' lang='lat' dir='ltr'><strong>ab</strong></span> <span class='ocrx_word' id='word_1_68' title='bbox 893 904 1018 967; x_wconf 88' lang='lat' dir='ltr'><strong>ipsis</strong></span> <span class='ocrx_word' id='word_1_69' title='bbox 1056 906 1367 969; x_wconf 81' lang='lat' dir='ltr'><strong>compositos</strong></span> <span class='ocrx_word' id='word_1_70' title='bbox 1409 920 1503 969; x_wconf 87' lang='lat' dir='ltr'><strong>per</strong></span> <span class='ocrx_word' id='word_1_71' title='bbox 1537 904 1771 954; x_wconf 87' lang='lat' dir='ltr'><strong>fraudem</strong></span> 
     </span>
     <span class='ocr_line' id='line_1_12' title="bbox 93 971 1770 1040; baseline 0.001 -17"><span class='ocrx_word' id='word_1_72' title='bbox 93 974 428 1039; x_wconf 78' lang='lat' dir='ltr'><strong>supposuisse</strong></span> <span class='ocrx_word' id='word_1_73' title='bbox 445 971 692 1021; x_wconf 78' lang='lat' dir='ltr'><strong>videntur.</strong></span> <span class='ocrx_word' id='word_1_74' title='bbox 763 972 909 1036; x_wconf 74' lang='lat' dir='ltr'><strong>Quod</strong></span> <span class='ocrx_word' id='word_1_75' title='bbox 934 973 1135 1038; x_wconf 82' lang='lat' dir='ltr'><strong>quidem</strong></span> <span class='ocrx_word' id='word_1_76' title='bbox 1166 977 1340 1040; x_wconf 78' lang='lat' dir='ltr'><strong>paucis</strong></span> <span class='ocrx_word' id='word_1_77' title='bbox 1364 975 1770 1025; x_wconf 78' lang='lat' dir='ltr'><strong>monuisse‘satis</strong></span> 
     </span>
     <span class='ocr_line' id='line_1_13' title="bbox 93 1043 1772 1114; baseline 0.002 -20"><span class='ocrx_word' id='word_1_78' title='bbox 93 1047 218 1094; x_wconf 83' lang='lat' dir='ltr'><strong>erit:</strong></span> <span class='ocrx_word' id='word_1_79' title='bbox 252 1043 445 1094; x_wconf 87' lang='lat' dir='ltr'><strong>inutilis</strong></span> <span class='ocrx_word' id='word_1_80' title='bbox 482 1044 615 1092; x_wconf 87' lang='lat' dir='ltr'><strong>enim</strong></span> <span class='ocrx_word' id='word_1_81' title='bbox 651 1059 780 1093; x_wconf 90' lang='lat' dir='ltr'><strong>nunc</strong></span> <span class='ocrx_word' id='word_1_82' title='bbox 813 1059 874 1094; x_wconf 84' lang='lat' dir='ltr'><strong>ac</strong></span> <span class='ocrx_word' id='word_1_83' title='bbox 912 1060 1280 1112; x_wconf 74' lang='lat' dir='ltr'><strong>supervacanea</strong></span> <span class='ocrx_word' id='word_1_84' title='bbox 1316 1046 1476 1097; x_wconf 87' lang='lat' dir='ltr'><strong>fuerit</strong></span> <span class='ocrx_word' id='word_1_85' title='bbox 1515 1047 1772 1114; x_wconf 87' lang='lat' dir='ltr'><strong>copiosior</strong></span> 
     </span>
     <span class='ocr_line' id='line_1_14' title="bbox 91 1113 708 1180; baseline -0.003 -14"><span class='ocrx_word' id='word_1_86' title='bbox 91 1116 157 1166; x_wconf 88' lang='lat' dir='ltr'><strong>de</strong></span> <span class='ocrx_word' id='word_1_87' title='bbox 189 1116 286 1166; x_wconf 87' lang='lat' dir='ltr'><strong>hac</strong></span> <span class='ocrx_word' id='word_1_88' title='bbox 321 1113 708 1180; x_wconf 85' lang='lat' dir='ltr'><strong>redisputatio.</strong></span> 
     </span>
    </p>
   </div>
   <div class='ocr_carea' id='block_1_4' title="bbox 88 1253 1771 1963">
    <p class='ocr_par' dir='ltr' id='par_1_4' title="bbox 88 1253 1771 1963">
     <span class='ocr_line' id='line_1_15' title="bbox 229 1253 1771 1322; baseline 0.001 -16"><span class='ocrx_word' id='word_1_89' title='bbox 229 1255 590 1321; x_wconf 82' lang='lat' dir='ltr'><strong>Progredimur</strong></span> <span class='ocrx_word' id='word_1_90' title='bbox 643 1253 797 1321; x_wconf 84' lang='lat' dir='ltr'><strong>igitur</strong></span> <span class='ocrx_word' id='word_1_91' title='bbox 858 1256 1028 1322; x_wconf 84' lang='lat' dir='ltr'><strong>potius</strong></span> <span class='ocrx_word' id='word_1_92' title='bbox 1090 1254 1154 1305; x_wconf 87' lang='lat' dir='ltr'><strong>ad</strong></span> <span class='ocrx_word' id='word_1_93' title='bbox 1202 1273 1372 1308; x_wconf 90' lang='lat' dir='ltr'><strong>rerum</strong></span> <span class='ocrx_word' id='word_1_94' title='bbox 1422 1255 1771 1308; x_wconf 83' lang='lat' dir='ltr'><strong>nonnullarum</strong></span> 
     </span>
     <span class='ocr_line' id='line_1_16' title="bbox 91 1326 1770 1394; baseline 0 -16"><span class='ocrx_word' id='word_1_95' title='bbox 91 1327 502 1394; x_wconf 78' lang='lat' dir='ltr'><strong>explicationem,</strong></span> <span class='ocrx_word' id='word_1_96' title='bbox 538 1326 670 1375; x_wconf 88' lang='lat' dir='ltr'><strong>unde</strong></span> <span class='ocrx_word' id='word_1_97' title='bbox 707 1344 854 1392; x_wconf 88' lang='lat' dir='ltr'><strong>quum</strong></span> <span class='ocrx_word' id='word_1_98' title='bbox 892 1329 1125 1379; x_wconf 85' lang='lat' dir='ltr'><strong>universo</strong></span> <span class='ocrx_word' id='word_1_99' title='bbox 1162 1327 1373 1378; x_wconf 85' lang='lat' dir='ltr'><strong>Timaeo</strong></span> <span class='ocrx_word' id='word_1_100' title='bbox 1409 1334 1516 1377; x_wconf 83' lang='lat' dir='ltr'><strong>tum</strong></span> <span class='ocrx_word' id='word_1_101' title='bbox 1543 1328 1770 1378; x_wconf 79' lang='lat' dir='ltr'><strong>Platonis</strong></span> 
     </span>
     <span class='ocr_line' id='line_1_17' title="bbox 96 1394 1770 1464; baseline 0 -16"><span class='ocrx_word' id='word_1_102' title='bbox 96 1399 381 1448; x_wconf 83' lang='lat' dir='ltr'><strong>sententiae</strong></span> <span class='ocrx_word' id='word_1_103' title='bbox 440 1397 506 1447; x_wconf 92' lang='lat' dir='ltr'><strong>de</strong></span> <span class='ocrx_word' id='word_1_104' title='bbox 558 1413 727 1447; x_wconf 87' lang='lat' dir='ltr'><strong>rerum</strong></span> <span class='ocrx_word' id='word_1_105' title='bbox 774 1404 953 1447; x_wconf 83' lang='lat' dir='ltr'><strong>natura</strong></span> <span class='ocrx_word' id='word_1_106' title='bbox 1000 1404 1055 1448; x_wconf 90' lang='lat' dir='ltr'><strong>et</strong></span> <span class='ocrx_word' id='word_1_107' title='bbox 1100 1399 1316 1447; x_wconf 83' lang='lat' dir='ltr'><strong>universi</strong></span> <span class='ocrx_word' id='word_1_108' title='bbox 1372 1394 1583 1464; x_wconf 74' lang='lat' dir='ltr'><strong>origine‘</strong></span> <span class='ocrx_word' id='word_1_109' title='bbox 1615 1405 1770 1464; x_wconf 86' lang='lat' dir='ltr'><strong>atque</strong></span> 
     </span>
     <span class='ocr_line' id='line_1_18' title="bbox 93 1469 1770 1534; baseline 0 -15"><span class='ocrx_word' id='word_1_110' title='bbox 93 1471 258 1520; x_wconf 82' lang='lat' dir='ltr'><strong>causis</strong></span> <span class='ocrx_word' id='word_1_111' title='bbox 304 1469 490 1533; x_wconf 85' lang='lat' dir='ltr'><strong>aliquid</strong></span> <span class='ocrx_word' id='word_1_112' title='bbox 542 1469 669 1519; x_wconf 82' lang='lat' dir='ltr'><strong>lucis</strong></span> <span class='ocrx_word' id='word_1_113' title='bbox 713 1469 960 1518; x_wconf 73' lang='lat' dir='ltr'><strong>accedere</strong></span> <span class='ocrx_word' id='word_1_114' title='bbox 1006 1485 1163 1534; x_wconf 85' lang='lat' dir='ltr'><strong>posse</strong></span> <span class='ocrx_word' id='word_1_115' title='bbox 1208 1470 1421 1520; x_wconf 79' lang='lat' dir='ltr'><strong>videtur.</strong></span> <span class='ocrx_word' id='word_1_116' title='bbox 1473 1469 1633 1526; x_wconf 79' lang='lat' dir='ltr'><strong>&#39;Nam</strong></span> <span class='ocrx_word' id='word_1_117' title='bbox 1670 1471 1770 1519; x_wconf 88' lang='lat' dir='ltr'><strong>etsi</strong></span> 
     </span>
     <span class='ocr_line' id='line_1_19' title="bbox 93 1534 1771 1606; baseline 0.001 -16"><span class='ocrx_word' id='word_1_118' title='bbox 93 1541 159 1590; x_wconf 91' lang='lat' dir='ltr'><strong>de</strong></span> <span class='ocrx_word' id='word_1_119' title='bbox 204 1534 330 1590; x_wconf 89' lang='lat' dir='ltr'><strong>locis</strong></span> <span class='ocrx_word' id='word_1_120' title='bbox 379 1540 639 1604; x_wconf 86' lang='lat' dir='ltr'><strong>plerisque</strong></span> <span class='ocrx_word' id='word_1_121' title='bbox 690 1541 946 1602; x_wconf 86' lang='lat' dir='ltr'><strong>omnibus,</strong></span> <span class='ocrx_word' id='word_1_122' title='bbox 995 1541 1079 1606; x_wconf 89' lang='lat' dir='ltr'><strong>qui</strong></span> <span class='ocrx_word' id='word_1_123' title='bbox 1125 1540 1558 1605; x_wconf 84' lang='lat' dir='ltr'><strong>interpretationis</strong></span> <span class='ocrx_word' id='word_1_124' title='bbox 1602 1540 1771 1591; x_wconf 88' lang='lat' dir='ltr'><strong>lucem</strong></span> 
     </span>
     <span class='ocr_line' id='line_1_20' title="bbox 91 1609 1767 1674; baseline 0 -13"><span class='ocrx_word' id='word_1_125' title='bbox 91 1611 467 1671; x_wconf 78' lang='lat' dir='ltr'><strong>desiderarent,</strong></span> <span class='ocrx_word' id='word_1_126' title='bbox 526 1611 578 1658; x_wconf 85' lang='lat' dir='ltr'><strong>in</strong></span> <span class='ocrx_word' id='word_1_127' title='bbox 629 1609 1013 1660; x_wconf 82' lang='lat' dir='ltr'><strong>Commentariis</strong></span> <span class='ocrx_word' id='word_1_128' title='bbox 1061 1612 1270 1674; x_wconf 82' lang='lat' dir='ltr'><strong>copiose</strong></span> <span class='ocrx_word' id='word_1_129' title='bbox 1315 1610 1617 1674; x_wconf 81' lang='lat' dir='ltr'><strong>explicatum</strong></span> <span class='ocrx_word' id='word_1_130' title='bbox 1669 1617 1767 1674; x_wconf 88' lang='lat' dir='ltr'><strong>est,</strong></span> 
     </span>
     <span class='ocr_line' id='line_1_21' title="bbox 91 1680 1767 1746; baseline -0.001 -14"><span class='ocrx_word' id='word_1_131' title='bbox 91 1691 259 1732; x_wconf 85' lang='lat' dir='ltr'><strong>tamen</strong></span> <span class='ocrx_word' id='word_1_132' title='bbox 295 1680 644 1731; x_wconf 81' lang='lat' dir='ltr'><strong>remanserunt</strong></span> <span class='ocrx_word' id='word_1_133' title='bbox 667 1682 948 1745; x_wconf 65' lang='lat' dir='ltr'><strong>quaedam,</strong></span> <span class='ocrx_word' id='word_1_134' title='bbox 988 1696 1115 1746; x_wconf 89' lang='lat' dir='ltr'><strong>quae</strong></span> <span class='ocrx_word' id='word_1_135' title='bbox 1149 1681 1234 1730; x_wconf 87' lang='lat' dir='ltr'><strong>hic</strong></span> <span class='ocrx_word' id='word_1_136' title='bbox 1269 1683 1442 1746; x_wconf 77' lang='lat' dir='ltr'><strong>potius</strong></span> <span class='ocrx_word' id='word_1_137' title='bbox 1479 1698 1624 1746; x_wconf 84' lang='lat' dir='ltr'><strong>quam</strong></span> <span class='ocrx_word' id='word_1_138' title='bbox 1662 1683 1767 1732; x_wconf 86' lang='lat' dir='ltr'><strong>illic</strong></span> 
     </span>
     <span class='ocr_line' id='line_1_22' title="bbox 89 1747 1768 1820; baseline 0.001 -18"><span class='ocrx_word' id='word_1_139' title='bbox 89 1753 386 1803; x_wconf 79' lang='lat' dir='ltr'><strong>illustranda</strong></span> <span class='ocrx_word' id='word_1_140' title='bbox 430 1751 735 1805; x_wconf 76' lang='lat' dir='ltr'><strong>viderentur.</strong></span> <span class='ocrx_word' id='word_1_141' title='bbox 817 1752 1067 1820; x_wconf 75' lang='lat' dir='ltr'><strong>Quorsum</strong></span> <span class='ocrx_word' id='word_1_142' title='bbox 1118 1747 1379 1817; x_wconf 75' lang='lat' dir='ltr'><strong>pertinent</strong></span> <span class='ocrx_word' id='word_1_143' title='bbox 1418 1755 1630 1802; x_wconf 85' lang='lat' dir='ltr'><strong>maxime</strong></span> <span class='ocrx_word' id='word_1_144' title='bbox 1664 1753 1768 1803; x_wconf 80' lang='lat' dir='ltr'><strong>loci</strong></span> 
     </span>
     <span class='ocr_line' id='line_1_23' title="bbox 90 1823 1771 1889; baseline 0.003 -17"><span class='ocrx_word' id='word_1_145' title='bbox 90 1824 154 1873; x_wconf 89' lang='lat' dir='ltr'><strong>de</strong></span> <span class='ocrx_word' id='word_1_146' title='bbox 202 1840 367 1873; x_wconf 86' lang='lat' dir='ltr'><strong>rerum</strong></span> <span class='ocrx_word' id='word_1_147' title='bbox 417 1823 709 1889; x_wconf 82' lang='lat' dir='ltr'><strong>principiis,</strong></span> <span class='ocrx_word' id='word_1_148' title='bbox 763 1823 928 1889; x_wconf 82' lang='lat' dir='ltr'><strong>deque</strong></span> <span class='ocrx_word' id='word_1_149' title='bbox 962 1823 1135 1874; x_wconf 89' lang='lat' dir='ltr'><strong>mundi</strong></span> <span class='ocrx_word' id='word_1_150' title='bbox 1169 1825 1358 1887; x_wconf 84' lang='lat' dir='ltr'><strong>anima,</strong></span> <span class='ocrx_word' id='word_1_151' title='bbox 1395 1823 1460 1872; x_wconf 90' lang='lat' dir='ltr'><strong>de</strong></span> <span class='ocrx_word' id='word_1_152' title='bbox 1498 1825 1677 1888; x_wconf 82' lang='lat' dir='ltr'><strong>quibus</strong></span> <span class='ocrx_word' id='word_1_153' title='bbox 1712 1831 1771 1876; x_wconf 81' lang='lat' dir='ltr'><strong>ut</strong></span> 
     </span>
     <span class='ocr_line' id='line_1_24' title="bbox 88 1894 1566 1963; baseline 0.003 -17"><span class='ocrx_word' id='word_1_154' title='bbox 88 1895 172 1946; x_wconf 85' lang='lat' dir='ltr'><strong>hic</strong></span> <span class='ocrx_word' id='word_1_155' title='bbox 205 1895 392 1961; x_wconf 86' lang='lat' dir='ltr'><strong>aliquid</strong></span> <span class='ocrx_word' id='word_1_156' title='bbox 428 1894 748 1958; x_wconf 84' lang='lat' dir='ltr'><strong>adiiciamus,</strong></span> <span class='ocrx_word' id='word_1_157' title='bbox 785 1911 872 1945; x_wconf 90' lang='lat' dir='ltr'><strong>res</strong></span> <span class='ocrx_word' id='word_1_158' title='bbox 909 1895 1319 1963; x_wconf 78' lang='lat' dir='ltr'><strong>ipsa-postulare</strong></span> <span class='ocrx_word' id='word_1_159' title='bbox 1351 1895 1566 1950; x_wconf 81' lang='lat' dir='ltr'><strong>videtur.</strong></span> 
     </span>
    </p>
   </div>
   <div class='ocr_carea' id='block_1_5' title="bbox 760 2048 1088 2060">
    <p class='ocr_par' dir='ltr' id='par_1_5' title="bbox 760 2048 1088 2060">
     <span class='ocr_line' id='line_1_25' title="bbox 760 2048 1088 2060; baseline 0 1638"><span class='ocrx_word' id='word_1_160' title='bbox 760 2048 1088 2060; x_wconf 95' lang='lat' dir='ltr'><strong> </strong></span> 
     </span>
    </p>
   </div>
   <div class='ocr_carea' id='block_1_6' title="bbox 749 2175 1093 2271">
    <p class='ocr_par' dir='ltr' id='par_1_6' title="bbox 749 2175 1093 2271">
     <span class='ocr_line' id='line_1_26' title="bbox 749 2175 1093 2271; baseline 0.003 -36"><span class='ocrx_word' id='word_1_161' title='bbox 749 2175 908 2258; x_wconf 81' lang='lat' dir='ltr'><strong>Cap.</strong></span> <span class='ocrx_word' id='word_1_162' title='bbox 986 2175 1063 2236; x_wconf 89' lang='lat' dir='ltr'><strong>V.</strong></span> <span class='ocrx_word' id='word_1_163' title='bbox 1087 2269 1093 2271; x_wconf 8' lang='grc' dir='ltr'><strong>ξ</strong></span> 
     </span>
    </p>
   </div>
   <div class='ocr_carea' id='block_1_7' title="bbox 90 2299 1765 2448">
    <p class='ocr_par' dir='ltr' id='par_1_7' title="bbox 90 2299 1765 2448">
     <span class='ocr_line' id='line_1_27' title="bbox 90 2299 1765 2368; baseline 0.002 -16"><span class='ocrx_word' id='word_1_164' title='bbox 90 2299 180 2352; x_wconf 86' lang='lat' dir='ltr'><strong>De</strong></span> <span class='ocrx_word' id='word_1_165' title='bbox 216 2301 472 2350; x_wconf 82' lang='lat' dir='ltr'><strong>summis</strong></span> <span class='ocrx_word' id='word_1_166' title='bbox 507 2315 723 2350; x_wconf 86' lang='lat' dir='ltr'><strong>rerum</strong></span> <span class='ocrx_word' id='word_1_167' title='bbox 757 2302 1125 2368; x_wconf 81' lang='lat' dir='ltr'><strong>principiis</strong></span> <span class='ocrx_word' id='word_1_168' title='bbox 1162 2304 1512 2355; x_wconf 87' lang='lat' dir='ltr'><strong>seeundum</strong></span> <span class='ocrx_word' id='word_1_169' title='bbox 1549 2303 1765 2355; x_wconf 84' lang='lat' dir='ltr'><strong>Plato·</strong></span> 
     </span>
     <span class='ocr_line' id='line_1_28' title="bbox 224 2385 1671 2448; baseline 0.005 -13"><span class='ocrx_word' id='word_1_170' title='bbox 224 2400 394 2446; x_wconf 84' lang='lat' dir='ltr'><strong>nem,</strong></span> <span class='ocrx_word' id='word_1_171' title='bbox 429 2385 552 2435; x_wconf 88' lang='lat' dir='ltr'><strong>hoc</strong></span> <span class='ocrx_word' id='word_1_172' title='bbox 589 2392 718 2448; x_wconf 84' lang='lat' dir='ltr'><strong>est,</strong></span> <span class='ocrx_word' id='word_1_173' title='bbox 754 2386 827 2435; x_wconf 90' lang='lat' dir='ltr'><strong>de</strong></span> <span class='ocrx_word' id='word_1_174' title='bbox 854 2386 1019 2448; x_wconf 78' lang='lat' dir='ltr'><strong>-Deo,</strong></span> <span class='ocrx_word' id='word_1_175' title='bbox 1054 2387 1233 2438; x_wconf 88' lang='lat' dir='ltr'><strong>ideis</strong></span> <span class='ocrx_word' id='word_1_176' title='bbox 1271 2395 1338 2439; x_wconf 89' lang='lat' dir='ltr'><strong>et</strong></span> <span class='ocrx_word' id='word_1_177' title='bbox 1373 2390 1671 2444; x_wconf 79' lang='lat' dir='ltr'><strong>materia.</strong></span> 
     </span>
    </p>
   </div>
   <div class='ocr_carea' id='block_1_8' title="bbox 16 2539 1797 3439">
    <p class='ocr_par' dir='ltr' id='par_1_8' title="bbox 16 2539 1797 3439">
     <span class='ocr_line' id='line_1_29' title="bbox 200 2539 1767 2608; baseline 0.003 -19"><span class='ocrx_word' id='word_1_178' title='bbox 200 2561 201 2566; x_wconf 47' lang='lat'>¹</span> <span class='ocrx_word' id='word_1_179' title='bbox 235 2539 306 2589; x_wconf 80' lang='lat' dir='ltr'><strong>Et</strong></span> <span class='ocrx_word' id='word_1_180' title='bbox 351 2555 520 2588; x_wconf 88' lang='lat' dir='ltr'><strong>rernm</strong></span> <span class='ocrx_word' id='word_1_181' title='bbox 558 2540 756 2605; x_wconf 87' lang='lat' dir='ltr'><strong>quidem</strong></span> <span class='ocrx_word' id='word_1_182' title='bbox 803 2539 1046 2605; x_wconf 73' lang='lat' dir='ltr'><strong>principia</strong></span> <span class='ocrx_word' id='word_1_183' title='bbox 1092 2543 1368 2608; x_wconf 83' lang='lat' dir='ltr'><strong>genitarum</strong></span> <span class='ocrx_word' id='word_1_184' title='bbox 1404 2543 1549 2594; x_wconf 88' lang='lat' dir='ltr'><strong>Plato</strong></span> <span class='ocrx_word' id='word_1_185' title='bbox 1587 2544 1637 2594; x_wconf 91' lang='lat' dir='ltr'><strong>in</strong></span> <span class='ocrx_word' id='word_1_186' title='bbox 1672 2544 1767 2594; x_wconf 79' lang='lat' dir='ltr'><strong>&#39;ri-</strong></span> 
     </span>
     <span class='ocr_line' id='line_1_30' title="bbox 16 2610 1764 2679; baseline 0.002 -18"><span class='ocrx_word' id='word_1_187' title='bbox 16 2667 22 2672; x_wconf 38' lang='grc'><strong><em>,</em></strong></span> <span class='ocrx_word' id='word_1_188' title='bbox 95 2626 238 2661; x_wconf 82' lang='lat' dir='ltr'><strong>maeo</strong></span> <span class='ocrx_word' id='word_1_189' title='bbox 283 2612 456 2675; x_wconf 82' lang='lat' dir='ltr'><strong>posuit</strong></span> <span class='ocrx_word' id='word_1_190' title='bbox 497 2613 629 2673; x_wconf 85' lang='lat' dir='ltr'><strong>tria,</strong></span> <span class='ocrx_word' id='word_1_191' title='bbox 677 2610 868 2670; x_wconf 88' lang='lat' dir='ltr'><strong>Deum,</strong></span> <span class='ocrx_word' id='word_1_192' title='bbox 913 2612 1081 2673; x_wconf 81' lang='lat' dir='ltr'><strong>ideaS,</strong></span> <span class='ocrx_word' id='word_1_193' title='bbox 1132 2620 1185 2662; x_wconf 92' lang='lat' dir='ltr'><strong>et</strong></span> <span class='ocrx_word' id='word_1_194' title='bbox 1229 2617 1514 2676; x_wconf 84' lang='lat' dir='ltr'><strong>materiam,</strong></span> <span class='ocrx_word' id='word_1_195' title='bbox 1553 2631 1764 2679; x_wconf 81' lang='lat' dir='ltr'><strong>eamque</strong></span> 
     </span>
     <span class='ocr_line' id='line_1_31' title="bbox 96 2681 1768 2750; baseline 0.002 -19"><span class='ocrx_word' id='word_1_196' title='bbox 96 2683 355 2732; x_wconf 80' lang='lat' dir='ltr'><strong>infinitam.</strong></span> <span class='ocrx_word' id='word_1_197' title='bbox 432 2681 558 2731; x_wconf 87' lang='lat' dir='ltr'><strong>Nam</strong></span> <span class='ocrx_word' id='word_1_198' title='bbox 607 2682 740 2745; x_wconf 81' lang='lat' dir='ltr'><strong>qnod</strong></span> <span class='ocrx_word' id='word_1_199' title='bbox 785 2683 911 2731; x_wconf 85' lang='lat' dir='ltr'><strong>haec</strong></span> <span class='ocrx_word' id='word_1_200' title='bbox 950 2684 1005 2732; x_wconf 71' lang='lat' dir='ltr'><strong>in</strong></span> <span class='ocrx_word' id='word_1_201' title='bbox 1044 2684 1290 2750; x_wconf 84' lang='lat' dir='ltr'><strong>principio</strong></span> <span class='ocrx_word' id='word_1_202' title='bbox 1328 2687 1575 2735; x_wconf 87' lang='lat' dir='ltr'><strong>sermonis</strong></span> <span class='ocrx_word' id='word_1_203' title='bbox 1624 2687 1768 2735; x_wconf 85' lang='lat' dir='ltr'><strong>finita</strong></span> 
     </span>
     <span class='ocr_line' id='line_1_32' title="bbox 99 2753 1768 2822; baseline 0.004 -22"><span class='ocrx_word' id='word_1_204' title='bbox 99 2769 216 2802; x_wconf 81' lang='lat' dir='ltr'><strong>esse</strong></span> <span class='ocrx_word' id='word_1_205' title='bbox 251 2753 464 2814; x_wconf 88' lang='lat' dir='ltr'><strong>dicitur,</strong></span> <span class='ocrx_word' id='word_1_206' title='bbox 502 2753 747 2817; x_wconf 76' lang='lat' dir='ltr'><strong>siquidem</strong></span> <span class='ocrx_word' id='word_1_207' title='bbox 784 2754 853 2802; x_wconf 92' lang='lat' dir='ltr'><strong>ibi</strong></span> <span class='ocrx_word' id='word_1_208' title='bbox 888 2769 974 2803; x_wconf 89' lang='lat' dir='ltr'><strong>res</strong></span> <span class='ocrx_word' id='word_1_209' title='bbox 1010 2755 1355 2820; x_wconf 83' lang='lat' dir='ltr'><strong>intelligibiles</strong></span> <span class='ocrx_word' id='word_1_210' title='bbox 1389 2762 1542 2821; x_wconf 88' lang='lat' dir='ltr'><strong>atque</strong></span> <span class='ocrx_word' id='word_1_211' title='bbox 1578 2757 1768 2822; x_wconf 85' lang='lat' dir='ltr'><strong>adspe-</strong></span> 
     </span>
     <span class='ocr_line' id='line_1_33' title="bbox 98 2823 1768 2892; baseline 0.002 -20"><span class='ocrx_word' id='word_1_212' title='bbox 98 2823 310 2872; x_wconf 86' lang='lat' dir='ltr'><strong>ctabiles</strong></span> <span class='ocrx_word' id='word_1_213' title='bbox 361 2823 736 2883; x_wconf 84' lang='lat' dir='ltr'><strong>discernuntur,</strong></span> <span class='ocrx_word' id='word_1_214' title='bbox 784 2826 957 2888; x_wconf 86' lang='lat' dir='ltr'><strong>posuit</strong></span> <span class='ocrx_word' id='word_1_215' title='bbox 1009 2825 1107 2874; x_wconf 87' lang='lat' dir='ltr'><strong>hoc</strong></span> <span class='ocrx_word' id='word_1_216' title='bbox 1154 2827 1260 2875; x_wconf 86' lang='lat' dir='ltr'><strong>illic</strong></span> <span class='ocrx_word' id='word_1_217' title='bbox 1308 2827 1675 2892; x_wconf 86' lang='lat' dir='ltr'><strong>philosophus,</strong></span> <span class='ocrx_word' id='word_1_218' title='bbox 1710 2832 1768 2877; x_wconf 88' lang='lat' dir='ltr'><strong>ut</strong></span> 
     </span>
     <span class='ocr_line' id='line_1_34' title="bbox 99 2895 1770 2964; baseline 0.002 -21"><span class='ocrx_word' id='word_1_219' title='bbox 99 2895 212 2959; x_wconf 83' lang='lat' dir='ltr'><strong>ipse</strong></span> <span class='ocrx_word' id='word_1_220' title='bbox 248 2895 343 2952; x_wconf 87' lang='lat' dir='ltr'><strong>ait,</strong></span> <span class='ocrx_word' id='word_1_221' title='bbox 379 2896 755 2959; x_wconf 74' lang='lat' dir='ltr'><strong>perspicuitatis</strong></span> <span class='ocrx_word' id='word_1_222' title='bbox 791 2912 939 2943; x_wconf 81' lang='lat' dir='ltr'><strong>cansa</strong></span> <span class='ocrx_word' id='word_1_223' title='bbox 976 2903 1030 2946; x_wconf 90' lang='lat' dir='ltr'><strong>et</strong></span> <span class='ocrx_word' id='word_1_224' title='bbox 1065 2898 1197 2961; x_wconf 89' lang='lat' dir='ltr'><strong>qnod</strong></span> <span class='ocrx_word' id='word_1_225' title='bbox 1231 2899 1299 2946; x_wconf 82' lang='lat' dir='ltr'><strong>ita</strong></span> <span class='ocrx_word' id='word_1_226' title='bbox 1335 2899 1502 2947; x_wconf 88' lang='lat' dir='ltr'><strong>ferret</strong></span> <span class='ocrx_word' id='word_1_227' title='bbox 1528 2914 1770 2964; x_wconf 83' lang='lat' dir='ltr'><strong>praesen-</strong></span> 
     </span>
     <span class='ocr_line' id='line_1_35' title="bbox 99 2965 1770 3030; baseline 0.002 -16"><span class='ocrx_word' id='word_1_228' title='bbox 99 2966 165 3014; x_wconf 86' lang='lat' dir='ltr'><strong>tis</strong></span> <span class='ocrx_word' id='word_1_229' title='bbox 200 2965 553 3029; x_wconf 84' lang='lat' dir='ltr'><strong>disputationis</strong></span> <span class='ocrx_word' id='word_1_230' title='bbox 602 2967 761 3014; x_wconf 82' lang='lat' dir='ltr'><strong>ratio:</strong></span> <span class='ocrx_word' id='word_1_231' title='bbox 812 2973 993 3030; x_wconf 85' lang='lat' dir='ltr'><strong>postea</strong></span> <span class='ocrx_word' id='word_1_232' title='bbox 1031 2969 1186 3028; x_wconf 84' lang='lat' dir='ltr'><strong>enim,</strong></span> <span class='ocrx_word' id='word_1_233' title='bbox 1225 2970 1308 3016; x_wconf 88' lang='lat' dir='ltr'><strong>nbi</strong></span> <span class='ocrx_word' id='word_1_234' title='bbox 1344 2975 1546 3018; x_wconf 83' lang='lat' dir='ltr'><strong>ventum</strong></span> <span class='ocrx_word' id='word_1_235' title='bbox 1587 2976 1668 3020; x_wconf 86' lang='lat' dir='ltr'><strong>est</strong></span> <span class='ocrx_word' id='word_1_236' title='bbox 1705 2969 1770 3018; x_wconf 89' lang='lat' dir='ltr'><strong>ad</strong></span> 
     </span>
     <span class='ocr_line' id='line_1_36' title="bbox 100 3036 1770 3102; baseline 0.004 -19"><span class='ocrx_word' id='word_1_237' title='bbox 100 3036 415 3084; x_wconf 87' lang='lat' dir='ltr'><strong>subtiliorem</strong></span> <span class='ocrx_word' id='word_1_238' title='bbox 465 3037 531 3085; x_wconf 88' lang='lat' dir='ltr'><strong>de</strong></span> <span class='ocrx_word' id='word_1_239' title='bbox 575 3043 742 3085; x_wconf 84' lang='lat' dir='ltr'><strong>rerum</strong></span> <span class='ocrx_word' id='word_1_240' title='bbox 789 3043 902 3084; x_wconf 86' lang='lat' dir='ltr'><strong>ortu</strong></span> <span class='ocrx_word' id='word_1_241' title='bbox 942 3037 1358 3102; x_wconf 83' lang='lat' dir='ltr'><strong>disputationem,</strong></span> <span class='ocrx_word' id='word_1_242' title='bbox 1394 3042 1770 3090; x_wconf 86' lang='lat' dir='ltr'><strong>accuratissime</strong></span> 
     </span>
     <span class='ocr_line' id='line_1_37' title="bbox 99 3106 1770 3175; baseline 0.004 -21"><span class='ocrx_word' id='word_1_243' title='bbox 99 3106 290 3155; x_wconf 84' lang='lat' dir='ltr'><strong>infinita</strong></span> <span class='ocrx_word' id='word_1_244' title='bbox 324 3108 532 3156; x_wconf 87' lang='lat' dir='ltr'><strong>materia</strong></span> <span class='ocrx_word' id='word_1_245' title='bbox 567 3124 595 3155; x_wconf 82' lang='lat' dir='ltr'><strong>a</strong></span> <span class='ocrx_word' id='word_1_246' title='bbox 629 3108 781 3156; x_wconf 86' lang='lat' dir='ltr'><strong>rebus</strong></span> <span class='ocrx_word' id='word_1_247' title='bbox 818 3109 1070 3172; x_wconf 77' lang='lat' dir='ltr'><strong>generatis</strong></span> <span class='ocrx_word' id='word_1_248' title='bbox 1106 3109 1455 3174; x_wconf 80' lang='lat' dir='ltr'><strong>distinguitur,</strong></span> <span class='ocrx_word' id='word_1_249' title='bbox 1492 3111 1557 3158; x_wconf 93' lang='lat' dir='ltr'><strong>de</strong></span> <span class='ocrx_word' id='word_1_250' title='bbox 1593 3128 1688 3175; x_wconf 86' lang='lat' dir='ltr'><strong>qua</strong></span> <span class='ocrx_word' id='word_1_251' title='bbox 1713 3128 1770 3160; x_wconf 90' lang='lat' dir='ltr'><strong>re</strong></span> 
     </span>
     <span class='ocr_line' id='line_1_38' title="bbox 100 3177 1769 3245; baseline 0.002 -19"><span class='ocrx_word' id='word_1_252' title='bbox 100 3177 339 3240; x_wconf 85' lang='lat' dir='ltr'><strong>explicari</strong></span> <span class='ocrx_word' id='word_1_253' title='bbox 389 3180 703 3227; x_wconf 86' lang='lat' dir='ltr'><strong>meminimus</strong></span> <span class='ocrx_word' id='word_1_254' title='bbox 755 3194 803 3242; x_wconf 85' lang='lat' dir='ltr'><strong>p.</strong></span> <span class='ocrx_word' id='word_1_255' title='bbox 852 3178 934 3229; x_wconf 67' lang='lat'><strong>48.</strong></span> <span class='ocrx_word' id='word_1_256' title='bbox 989 3180 1048 3230; x_wconf 82' lang='lat' dir='ltr'><strong>A.</strong></span> <span class='ocrx_word' id='word_1_257' title='bbox 1084 3195 1193 3242; x_wconf 80' lang='lat' dir='ltr'><strong>sqq.</strong></span> <span class='ocrx_word' id='word_1_258' title='bbox 1267 3182 1441 3245; x_wconf 87' lang='lat' dir='ltr'><strong>ltaque</strong></span> <span class='ocrx_word' id='word_1_259' title='bbox 1476 3182 1623 3230; x_wconf 86' lang='lat' dir='ltr'><strong>huius</strong></span> <span class='ocrx_word' id='word_1_260' title='bbox 1659 3184 1769 3230; x_wconf 90' lang='lat' dir='ltr'><strong>nni-</strong></span> 
     </span>
     <span class='ocr_line' id='line_1_39' title="bbox 100 3247 1771 3313; baseline 0.004 -18"><span class='ocrx_word' id='word_1_261' title='bbox 100 3249 234 3296; x_wconf 77' lang='lat' dir='ltr'><strong>versi</strong></span> <span class='ocrx_word' id='word_1_262' title='bbox 270 3247 512 3313; x_wconf 87' lang='lat' dir='ltr'><strong>principia</strong></span> <span class='ocrx_word' id='word_1_263' title='bbox 549 3265 611 3298; x_wconf 85' lang='lat' dir='ltr'><strong>ex</strong></span> <span class='ocrx_word' id='word_1_264' title='bbox 646 3250 895 3298; x_wconf 87' lang='lat' dir='ltr'><strong>sententia</strong></span> <span class='ocrx_word' id='word_1_265' title='bbox 928 3248 1155 3299; x_wconf 85' lang='lat' dir='ltr'><strong>Platonis</strong></span> <span class='ocrx_word' id='word_1_266' title='bbox 1191 3251 1321 3299; x_wconf 82' lang='lat' dir='ltr'><strong>haud</strong></span> <span class='ocrx_word' id='word_1_267' title='bbox 1359 3253 1508 3301; x_wconf 87' lang='lat' dir='ltr'><strong>dubie</strong></span> <span class='ocrx_word' id='word_1_268' title='bbox 1543 3253 1771 3302; x_wconf 83' lang='lat' dir='ltr'><strong>habenda</strong></span> 
     </span>
     <span class='ocr_line' id='line_1_40' title="bbox 99 3319 1797 3389; baseline 0.005 -23"><span class='ocrx_word' id='word_1_269' title='bbox 99 3323 220 3367; x_wconf 88' lang='lat' dir='ltr'><strong>sunt</strong></span> <span class='ocrx_word' id='word_1_270' title='bbox 262 3333 444 3369; x_wconf 86' lang='lat' dir='ltr'><strong>numen</strong></span> <span class='ocrx_word' id='word_1_271' title='bbox 492 3320 738 3384; x_wconf 76' lang='lat' dir='ltr'><strong>divinum,</strong></span> <span class='ocrx_word' id='word_1_272' title='bbox 784 3319 957 3384; x_wconf 84' lang='lat' dir='ltr'><strong>ideae,</strong></span> <span class='ocrx_word' id='word_1_273' title='bbox 1006 3325 1060 3371; x_wconf 85' lang='lat' dir='ltr'><strong>et</strong></span> <span class='ocrx_word' id='word_1_274' title='bbox 1106 3320 1339 3374; x_wconf 85' lang='lat' dir='ltr'><strong>informis</strong></span> <span class='ocrx_word' id='word_1_275' title='bbox 1389 3323 1629 3389; x_wconf 81' lang='lat' dir='ltr'><strong>rudisque</strong></span> <span class='ocrx_word' id='word_1_276' title='bbox 1664 3323 1797 3374; x_wconf 77' lang='lat' dir='ltr'><strong>ma·&#39;</strong></span> 
     </span>
     <span class='ocr_line' id='line_1_41' title="bbox 40 3388 1190 3439; baseline 0.003 -1"><span class='ocrx_word' id='word_1_277' title='bbox 40 3418 53 3429; x_wconf 82' lang='lat'><em>.</em></span> <span class='ocrx_word' id='word_1_278' title='bbox 96 3388 244 3439; x_wconf 82' lang='lat' dir='ltr'><strong>teria.</strong></span> <span class='ocrx_word' id='word_1_279' title='bbox 1180 3416 1190 3425; x_wconf 43' lang='grc' dir='ltr'><strong><em>υ</em></strong></span> 
     </span>
    </p>
   </div>
  </div>
 </body>
</html>
