2072 3698
267 185 342 236 2⁰
841 183 1386 243 PROLEGOMENA.

277 323 415 392 quod
453 340 604 391 quum
652 321 850 390 formae
898 329 1210 393 rationisque
1247 345 1406 397 capax
1453 333 1767 396 sit‚-tamen
1801 332 1969 400 ipsum

281 398 459 448 eadem
496 401 666 457 caret,
720 401 909 464 quippe
948 401 1133 448 nullam
1170 401 1362 452 habens
1402 405 1697 467 qualitatem
1735 415 1971 456 constan·-

279 476 405 520 tcm.
481 469 703 533 Oportet
740 472 868 518 enim
916 473 1134 519 omnium
1174 471 1450 524 formarum
1504 492 1686 541 expers
1737 491 1854 526 esse
1901 477 1971 538 id,

279 540 412 606 quod
450 555 625 589 omnes
664 542 712 588 in
751 557 808 589 se
856 548 1180 605 recepturum
1232 547 1300 595 sit
1337 548 1555 610 species,
1631 547 1804 612 ltaque
1840 550 1973 597 trin
2012 583 2014 591 ,

278 620 495 677 apparet
543 608 660 667 es‘se
709 628 917 660 rerum
981 629 1260 677 genera,
1326 619 1596 682 primum
1656 620 1752 679 id,
1808 619 1974 684 quod

279 681 1117 747 si‘t3a1ter11m,1d,inquo
1153 685 1270 748 fit3
1313 690 1584 739 tertium
1625 691 1975 754 exemplar,

283 755 358 804 ad
428 756 616 803 cuius
688 754 1202 805 similitudinem
1278 775 1472 823 quae·
1518 759 1697 810 siunt
1764 763 1976 821 omnia

286 828 767 890 componuntur
858 825 1176 876 Postremum
1216 829 1399 899 dixeris
1438 839 1660 895 patrem,
1699 833 1975 883 secundum

287 905 533 965 matrem,
596 896 798 943 tertium
862 898 1087 947 sobolem
1152 903 1291 964 quasi
1333 903 1591 967 quandam.
1670 903 1746 951 Ex
1795 906 1976 969 quibus

290 970 518 1017 omnibus
558 967 912 1029 consequitur,
956 976 1010 1017 ut
1046 973 1284 1034 materia,
1337 990 1464 1038 quae
1504 975 1667 1022 omnia
1704 975 1754 1022 in
1794 992 1851 1024 se
1886 990 1977 1024 re-

288 1041 442 1104 cipit,
481 1038 540 1085 ad
581 1038 767 1085 nullum
807 1054 964 1102 genus
1002 1058 1172 1090 rerum
1211 1052 1563 1108 generatorum
1600 1045 1788 1094 referri
1826 1051 1978 1111 queat

288 1110 505 1174 ideoque
565 1124 658 1156 nec
710 1125 836 1172 aqua
886 1126 1050 1176 neque
1099 1119 1235 1162 terra
1285 1132 1449 1180 neque
1494 1116 1586 1166 aer
1635 1133 1800 1181 neque
1847 1119 1977 1182 ignis

289 1182 383 1231 sit:
435 1183 534 1228 imo
583 1196 695 1227 cnm
744 1181 938 1230 formae
989 1201 1171 1248 expers
1222 1187 1290 1235 sit
1337 1195 1487 1251 atque
1537 1189 1761 1249 infinita,
1823 1191 1977 1238 etiam

292 1252 552 1301 oculorum
593 1268 794 1304 sensum
836 1253 1065 1318 effugere
1091 1259 1419 1306 existimanda
1455 1265 1552 1311 est.
1620 1259 1790 1308 Habet
1811 1266 1979 1310 tamen

291 1340 351 1389 ea
388 1324 486 1372 hoc
522 1324 803 1388 proprium,
839 1326 970 1388 quod
1009 1327 1348 1392 inexplicabili
1386 1329 1594 1393 quadam
1633 1332 1826 1380 ratione
1864 1348 1980 1396 par-

292 1397 459 1460 ticeps
497 1395 556 1443 fit
593 1397 726 1455 eius,
779 1395 910 1466 quod
965 1400 1073 1447 sola
1108 1408 1278 1449 mente
1314 1407 1467 1464 atque
1504 1403 1700 1451 ratione
1736 1402 1981 1468 intelligi-

293 1473 403 1527 tur,
456 1467 645 1532 quippe
692 1469 833 1536 cuius
879 1471 1019 1533 quasi
1065 1472 1162 1520 vim
1210 1478 1262 1520 et
1303 1472 1585 1523 efficaciam
1637 1474 1690 1524 in
1726 1488 1785 1523 se
1824 1490 1980 1540 expe-

291 1540 466 1592 riatur.
539 1537 594 1588 P.
631 1537 718 1591 48.
757 1539 816 1587 E.
859 1566 919 1575 --
960 1540 1046 1594 51.
1087 1542 1146 1595 C.
1994 1554 2000 1562 “

414 1673 538 1729 'Iam
577 1679 857 1729 vero¹illud
898 1680 1129 1731 dubitare
1167 1682 1320 1744 licet,
1357 1699 1472 1733 num
1513 1700 1591 1745 ea,
1628 1700 1756 1748 quae
1793 1700 1887 1750 per
1924 1699 1984 1734 se

227 1787 230 1790 -
295 1755 350 1800 et
384 1751 430 1799 vi
470 1767 558 1799 sna
597 1758 852 1812 constant,
889 1771 1033 1802 esse
1071 1754 1278 1802 dicenda
1317 1757 1450 1816 sint,
1487 1774 1548 1805 an
1588 1756 1727 1804 solae
1763 1773 1847 1806 res
1888 1756 1982 1804 ad-

295 1824 604 1887 spectabiles
677 1823 894 1872 habeant
953 1827 1250 1878 veritatem:
1334 1828 1474 1889 Quae
1533 1834 1791 1892 postrema
1849 1821 1980 1876 ratio

292 1894 439 1943 unice
491 1895 782 1957 quibusdam
844 1884 1208 1961 mat’erialistis)
1248 1900 1509 1963 probatur.
1584 1899 1652 1947 Et
1689 1899 1832 1948 nobis
1871 1900 1980 1964 qui-

294 1965 410 2014 dem
458 1965 522 2014 de
573 1983 630 2013 ea
685 1984 738 2015 re
791 1970 863 2016 sic
916 1969 1234 2017 statuendum
1286 1970 1496 2018 videtur.
1583 1971 1638 2018 Si
1698 1972 1876 2019 ratio
1929 1977 1982 2018 et

294 2039 587 2086 scientia
626 2037 800 2087 differt
837 2040 897 2086 ab
937 2041 1290 2104 opinione,
1331 2038 1543 2090 necesse
1583 2048 1696 2102 est,
1735 2049 1790 2090 ut
1827 2042 1980 2090 etiam

294 2107 590 2172 discrepent
622 2110 755 2158 inter
793 2127 882 2170 se,⁴
936 2128 1062 2175 quae
1098 2111 1177 2159 vel
1215 2113 1411 2161 ratione
1449 2121 1500 2161 ct
1538 2114 1748 2161 scientia
1785 2129 1980 2177 cogno-

295 2187 532 2240 acuuntur,
590 2181 669 2228 vel
720 2183 957 2244 opinione
1009 2183 1374 2247 percipiuntur.
1458 2184 1602 2232 Haec
1659 2185 1814 2248 igitur
1864 2189 1981 2232 sunt

295 2252 441 2319 varia⁴
473 2256 526 2299 et
574 2252 858 2313 mutabilia3
907 2254 992 2301 illa
1045 2262 1293 2318 perpetua
1343 2273 1398 2304 ac
1441 2256 1769 2319 sempiterna.
1841 2255 1980 2317 Quo-

295 2323 430 2374 circa
467 2324 539 2372 sic
579 2325 988 2381 existimandum:
1039 2333 1157 2374 sunt
1202 2342 1322 2374 sane
1372 2343 1454 2375 res
1491 2327 1836 2391 intelligibiles
1873 2328 1982 2375 sive

293 2394 470 2455 ideae,
519 2395 678 2443 omnis
729 2397 1018 2445 mutationis
1057 2404 1324 2461 expertes3
1372 2405 1489 2446 sunt
1525 2400 1645 2446 item
1702 2415 1784 2446 res
1823 2414 1978 2462 gene-

293 2474 459 2525 ratae,
503 2468 796 2515 mutationis
835 2468 1163 2516 vicissitudini
1202 2471 1468 2528 obnoxiae3
1510 2476 1591 2517 est
1627 2469 1842 2533 deniqne
1881 2470 2011 2521 ali--

296 2538 445 2602 quid,
498 2538 603 2585 sive
651 2539 773 2586 illud
823 2540 1198 2604 receptaculum
1240 2543 1343 2589 sive
1382 2541 1547 2588 locum
1586 2543 1690 2588 sive
1732 2541 1977 2588 nutricem

292 2625 350 2657 ac
391 2616 649 2673 parentem
689 2611 792 2658 sive
831 2613 927 2658 alio
968 2614 1198 2675 quopiam
1240 2614 1439 2659 nomine
1481 2628 1740 2670 vocamus,
1791 2613 1837 2659 in
1880 2626 1977 2675 quo

289 2683 454 2730 omnia
490 2681 645 2739 fiunt,
699 2682 796 2730 hoc
847 2688 928 2730 est
967 2684 1310 2747 generationis
1349 2682 1594 2747 quoddam
1652 2685 1978 2742 substratum,

291 2758 350 2800 ut
389 2769 499 2800 cum
542 2753 764 2801 barbaris
804 2755 1124 2818 philosophis
1167 2754 1448 2817 loquamur..
1505 2754 1635 2818 quod
1676 2771 1699 2802 a
1740 2770 1976 2802 sensuum

291 2824 626 2887 perceptione
664 2825 931 2873 abductum
970 2841 1123 2889 aegre
1160 2826 1543 2874 adulterina
1583 2842 1612 2888 q
1630 2826 1846 2872 undam
1886 2841 1976 2872 ra-

291 2895 479 2942 tione
520 2889 707 2960 (νόθῳ
746 2897 855 2947 τινὶ
893 2895 1162 2962 λιηνισμζιῖ)
1202 2898 1516 2955 intelligitur.
1591 2897 1734 2956 Quod
1776 2898 1974 2960 quidem

295 2966 576 3028 cogitantes
634 2982 1112 3031 saepenumero’eo
1166 2969 1516 3033 perducimur,
1581 2974 1634 3015 nt
1682 2968 1759 3014 vel
1807 2968 1868 3013 de
1919 2983 1977 3015 ea

296 3042 502 3102 natura,
542 3053 667 3100 quae
706 3056 881 3088 revera
919 3045 1026 3100 est,
1067 3051 1332 3104 perperam
1370 3045 1665 3098 statuamus,
1702 3045 1852 3101 atque
1889 3054 1978 3085 no·-

300 3106 376 3155 bis
416 3109 835 3172 persuadeamus,
875 3111 998 3159 nihil
1041 3126 1158 3158 esse
1192 3111 1272 3171 id,
1321 3110 1451 3173 quod
1491 3125 1585 3157 nec
1622 3111 1669 3158 in
1710 3116 1845 3158 terra
1884 3125 1978 3158 nec

298 3178 347 3225 in
393 3178 539 3225 coelo
588 3194 795 3243 usquam
846 3183 1146 3247 reperiatur.
1222 3182 1345 3231 Nam
1396 3197 1479 3229 res
1529 3181 1621 3228 sub
1658 3198 1850 3230 ,sensus
1887 3196 1976 3235 ca-

297 3247 478 3296 dentes
518 3256 633 3296 sunt
686 3253 804 3299 illae
845 3254 1042 3316 quidem
1083 3253 1142 3300 ad
1179 3252 1409 3317 idearum*
1443 3252 1725 3314 exemplum
1768 3266 1974 3315 compo-

298 3320 455 3378 sitae,
507 3318 722 3383 ideoque
773 3324 945 3372 harum
985 3325 1124 3387 qnasi
1164 3323 1400 3389 quaedam
1438 3323 1711 3386 imagines,
1766 3323 1853 3370 sed
1895 3331 1974 3369 ta-

293 3406 412 3440 men
448 3389 509 3439 ab
547 3391 674 3454 ipsis
723 3393 851 3443 ideis
898 3396 1155 3445 diversae:
1205 3396 1439 3460 quocirca
1485 3409 1579 3442 nec
1631 3395 1782 3467 spatii
1828 3395 1972 3456 loco·-

994 3606 1003 3626 t
