2072 3698
278 199 350 253 14
843 195 1388 256 PROLEGOMENA.

274 355 376 407 que
425 338 551 392 illud
598 339 873 407 exemplari
900 342 1163 401 aeterno,
1210 338 1273 388 ad
1319 339 1615 407 quodillud
1664 345 1959 408 creavisset,

271 414 426 462 etiam
466 414 625 478 magis
661 414 878 463 reddere
915 411 1094 461 simile.
1168 410 1420 473 Quam'rob
1455 431 1563 465 rem
1599 417 1774 481 genuit
1809 422 1959 466 tem-

272 499 407 550 pus·
480 485 752 549 Exemplar
797 485 927 533 enim
981 482 1105 530 vidit
1133 497 1252 531 esse
1287 489 1561 537 aeternum.
1636 488 1799 549 Quum
1835 503 1958 537 vero

271 555 567 616 aeternitas,
603 572 731 620 quae
767 570 971 619 semper
996 553 1092 602 sibi
1130 559 1214 602 est
1237 556 1510 619 aequabilis
1546 564 1784 622 caretque
1810 573 1958 623 pror-

235 663 237 668 f
275 642 362 676 sus
400 629 725 676 successione
761 625 1073 684 mutationiS,
1109 623 1160 673 in
1197 624 1265 686 id,
1303 627 1434 690 quod
1472 634 1635 678 ortum
1674 629 1829 678 habet
1862 645 1958 694 ge-

272 703 603 763 neratumque
651 704 760 757 est,
807 697 946 747 nullo
993 700 1148 759 pacto
1194 696 1373 758 cadat,
1433 700 1671 763 produxit
1718 701 1956 750 mobilem

272 770 591 819 aeternitatis
639 769 935 832 imaginem:
985 765 1118 831 quod
1155 768 1320 832 ipsum
1365 775 1571 835 tempus
1624 777 1720 821 est.
1791 773 1958 836 Quum

271 842 425 907 igitur
460 841 538 901 id,
577 839 709 904 quod
743 854 865 887 vere
891 843 998 898 est,
1035 850 1241 904 semper
1277 841 1374 902 sit,
1408 857 1504 890 nec
1541 858 1755 907 unquam
1791 842 1956 892 fuisse

269 912 353 961 vel
389 910 612 959 satin-um
647 925 764 959 esse
801 914 889 959 aut
926 914 1096 958 aetate
1131 925 1370 960 crescere
1405 912 1489 961 vel
1510 912 1813 963 decrescere
1850 915 1955 963 exi-

270 984 465 1034 stimari
500 983 679 1043 liceat,
717 986 821 1030 tum
858 985 1144 1046 temporum
1181 984 1442 1032 successio
1477 985 1529 1034 in
1568 1000 1653 1034 res
1690 990 1957 1050 generatas

269 1056 444 1118 utique
493 1053 749 1113 convenit,
803 1068 932 1117 quae
978 1053 1120 1117 ‹piasi
1154 1053 1418 1104 absolutae
1453 1057 1774 1106 aeternitatis
1809 1056 1953 1107 refe-

268 1131 387 1176 runt
422 1124 663 1190 quandam
701 1125 985 1189 imaginem.
1057 1123 1117 1177 P.
1153 1124 1242 1178 37.
1278 1125 1340 1174 G.
1381 1153 1445 1162 —
1480 1126 1565 1178 38.
1605 1127 1663 1177 Β.

410 1223 508 1272 Est
552 1227 723 1272 autem
778 1227 1037 1288 tempus
1098 1237 1222 1278 una,
1276 1239 1410 1274 cum
1469 1226 1661 1275 coelo
1724 1230 1955 1280 ortum.

271 1293 426 1363 Quod
465 1300 522 1343 ut
557 1300 877 1356 nasceretur,
912 1292 1051 1354 Deus
1087 1298 1295 1359 praeter
1324 1294 1498 1345 orbem
1535 1296 1742 1346 fixarum
1778 1298 1952 1355 stella-

267 1382 378 1415 rum
428 1365 559 1415 fecit
606 1363 851 1430 Solem,
896 1364 1129 1416 Lunam
1179 1370 1245 1415 et
1295 1367 1581 1431 quinque
1627 1369 1951 1434 planetaS,

271 1437 452 1503 quibus
502 1435 750 1487 attribuit*
787 1435 1094 1487 diversitatis
1140 1441 1351 1487 motum.
1431 1439 1603 1503 Atque
1646 1445 1703 1489 ut
1747 1440 1952 1490 evidens

269 1515 410 1559 esset
444 1523 679 1558 mensura
718 1514 771 1558 et
806 1509 948 1573 quasi
983 1524 1247 1570 numerus,
1295 1524 1396 1574 quo
1444 1510 1580 1559 inter
1617 1527 1676 1560 se
1711 1511 1955 1561 tarditate

267 1586 322 1629 et
357 1579 622 1628 celeritate
658 1581 708 1628 in
744 1586 862 1628 octo
897 1581 1127 1629 cursibus
1163 1581 1268 1629 suis
1306 1581 1584 1644 ferrentur,
1620 1583 1788 1633 lumen
1812 1581 1953 1634 Dens

267 1652 499 1701 accendit
533 1652 583 1700 in
619 1648 843 1700 secundo
880 1668 910 1700 a
944 1655 1083 1702 terra
1119 1651 1272 1714 orbe,
1317 1668 1466 1717 quem
1504 1654 1816 1718 appellamus
1854 1654 1952 1703 So·-

266 1721 396 1784 lem,
434 1727 491 1772 ut
525 1737 621 1788 per
657 1723 942 1772 universum
992 1722 1189 1773 luceret
1225 1724 1423 1773 coelum
1457 1725 1751 1791 numerique
1792 1727 1953 1790 parti-

267 1796 407 1859 cipes
452 1794 638 1844 fierent
681 1795 957 1844 animantes
1003 1795 1200 1844 ratione
1247 1794 1490 1859 praediti,
1536 1797 1720 1861 quippe
1757 1803 1950 1850 motum

267 1871 474 1915 naturae
511 1867 785 1930 aequabilis
823 1868 1019 1931 sibique
1042 1867 1320 1916 constantis
1357 1873 1509 1931 atque
1545 1877 1751 1918 naturae
1785 1870 1952 1918 variae

267 1937 664 2002 multiplicisque
707 1937 1071 1990 discernentes,
1159 1939 1235 1987 lta
1276 1939 1432 2003 igitur
1479 1940 1701 1988 noctium
1751 1946 1806 1989 et
1839 1940 1951 1989 die-

266 2025 398 2070 rum,
437 2010 682 2058 mensium
722 2015 775 2059 et
811 2025 1052 2058 annorum
1076 2014 1306 2073 tempora
1343 2014 1456 2059 orta
1485 2016 1614 2059 sunt.
1690 2012 1790 2060 Iam
1825 2027 1950 2060 vero

269 2097 420 2146 quum
458 2080 689 2129 homines
726 2080 876 2146 vulgo
913 2081 1132 2130 siderum
1158 2086 1324 2129 motus
1361 2082 1612 2145 ignorent,
1650 2088 1814 2131 tamen
1849 2083 1951 2132 hoc

267 2159 413 2202 certe
447 2152 663 2215 intelligi
698 2152 879 2214 debet,
928 2153 1160 2201 absoluto
1197 2152 1535 2216 perfectoque
1573 2169 1780 2203 numero
1818 2157 1949 2204 tem·

267 2217 408 2289 poris
460 2223 828 2272 absolutum
878 2223 1387 2288 perfectumque
1427 2239 1647 2273 annum
1685 2226 1950 2288 compleri,

267 2301 323 2356 et
360 2294 560 2358 quidem
608 2299 746 2356 tum,
794 2311 943 2360 quum
995 2295 1212 2343 omnium
1257 2299 1375 2342 octo
1414 2295 1605 2343 orbium
1656 2296 1950 2345 celeritates

265 2367 496 2428 cursibus
539 2366 642 2415 suis
677 2367 811 2415 inter
846 2382 904 2415 se
939 2367 1190 2415 confectis
1226 2381 1344 2415 sese
1379 2365 1439 2414 ad
1473 2366 1787 2430 principium,
1817 2367 1950 2417 unde

265 2438 636 2499 discesserunt,
694 2453 870 2486 rursus
924 2437 1225 2498 retulerint,
1286 2437 1488 2486 easdem
1539 2454 1834 2502 permensus
1880 2440 1950 2488 sit

266 2511 416 2558 etiam
468 2508 605 2558 orbis
653 2509 916 2559 stellarum
969 2510 1194 2558 fixarum.
1242 2536 1304 2546 --
1380 2509 1555 2573 ltaque
1595 2509 1764 2557 sidera
1798 2526 1949 2574 appa-

262 2587 346 2630 ret
385 2579 500 2628 ideo
538 2596 655 2629 esse
691 2584 832 2641 nata,
884 2585 940 2629 ut
985 2580 1085 2630 hoc
1132 2580 1414 2628 universum
1469 2582 1742 2644 exemplari
1768 2582 1948 2633 mundi

261 2644 594 2716 intelligibilis
652 2651 1035 2715 perfectissimo
1108 2651 1169 2700 ad
1237 2651 1554 2700 aeternitatis
1615 2652 1945 2702 iiiiitatioiietn

264 2739 410 2790 quam
448 2723 757 2773 simillimum
793 2723 1110 2773 redderetur.
1182 2721 1240 2774 P.
1277 2721 1363 2772 38.
1401 2722 1459 2772 Β.
1495 2748 1565 2758 -
1602 2724 1680 2771 39.
1725 2723 1785 2776 Ε.

404 2835 506 2886 Iam
542 2850 663 2884 vero
710 2836 872 2885 anima
907 2835 1078 2886 mundi
1113 2840 1283 2884 creata
1319 2835 1640 2898 motibusque
1679 2835 1786 2882 eius
1823 2851 1944 2884 con-

262 2904 484 2967 stitutis,
523 2906 656 2955 unde
691 2909 1011 2957 aeternitatis
1047 2909 1211 2972 imago
1249 2911 1360 2955 orta
1397 2911 1500 2963 est,
1541 2922 1691 2970 quum
1727 2907 1943 2956 nondum

264 2982 441 3026 essent
477 2979 807 3040 animalia,
844 3009 912 3016 —-
951 2995 1062 3029 nam
1101 2979 1361 3028 stellarum
1400 2977 1597 3041 quidem
1647 2975 1782 3040 globi
1820 2993 1944 3025 non-

261 3046 379 3096 dum
419 3054 535 3096 sunt
569 3049 820 3118 fabricati,
859 3050 950 3100 sed
989 3065 1118 3115 quae
1154 3050 1303 3098 modo
1339 3049 1631 3097 dicebantur
1673 3047 1736 3095 de
1774 3050 1945 3097 mundi

263 3119 586 3182 corporibus,
636 3137 694 3169 ea
729 3123 1103 3186 perspicuitatis
1140 3137 1317 3170 caussa
1353 3121 1492 3182 quasi
1537 3120 1587 3166 in
1623 3124 1943 3169 antecessum

262 3190 605 3253 ponebantur,
655 3218 722 3227 ——
771 3193 895 3241 deus
931 3193 1145 3242 totidem
1191 3192 1391 3241 illorum
1440 3206 1625 3253 genera
1672 3206 1942 3252 procreare

262 3261 518 3319 decrevit,
563 3267 687 3322 quot
734 3262 784 3311 in
831 3269 1041 3313 aeterno
1091 3265 1181 3313 iuno
1218 3261 1386 3311 mnndi
1422 3262 1751 3323 intelligibilis
1789 3263 1943 3310 simu-

260 3330 402 3382 lacro
458 3331 629 3380 inesse
689 3337 943 3384 cernebat.
1027 3335 1156 3384 Sunt
1214 3339 1382 3384 antem
1442 3347 1650 3381 numero
1693 3338 1939 3394 quatuor:

264 3403 478 3471 primum
533 3417 692 3467 genus
754 3410 837 3454 est
893 3406 1192 3457 coelestium
1258 3405 1497 3464 deorum3
1556 3404 1770 3454 alterum
1833 3404 1944 3454 aui-
