2060 3730
609 1315 1224 1377 PROLEGOMENA

874 1482 964 1535 AD

286 1593 862 1712 TIMAEUM
913 1633 1566 1709 -PLA'roms,

221 1945 575 2013 Cogitantibus
624 1946 770 1995 nobis
807 1959 1173 2022 saepenumero
1210 1950 1363 2011 atque
1391 1947 1562 1997 animo
1597 1964 1760 2015 repu-

76 2019 332 2079 tantibus,
379 2022 585 2083 quantas
631 2018 891 2068 molestiae
931 2033 988 2065 ac
1024 2004 1227 2082 Ιαὺῦτςεε
1262 2019 1399 2067 ultro
1437 2019 1667 2070 subirent
1706 2021 1762 2082 ii,

80 2092 167 2156 qui
201 2092 440 2140 bonarum
487 2089 774 2137 litterarum
826 2089 1006 2138 studiis
1062 2088 1322 2162 profuturi
1373 2089 1644 2156 longinqua
1678 2092 1764 2140 iti-

80 2178 202 2211 nera
242 2163 292 2210 in
343 2161 635 2225 peregrinas
679 2165 841 2209 terras
889 2156 1210 2224 susciperent
1253 2161 1425 2224 ibique
1472 2163 1524 2211 in
1576 2163 1763 2212 biblio-

79 2234 342 2284 thecarum
382 2232 597 2280 latebris
637 2232 923 2280 reconditas
960 2230 1218 2280 doetrinae
1254 2233 1428 2296 copias
1469 2232 1648 2282 sedulo
1684 2236 1761 2283 in-

81 2306 391 2368 vestigarent
437 2309 490 2350 et
538 2303 923 2365 conquirerent,
959 2302 1190 2350 mirabile
1218 2318 1430 2367 semper
1463 2306 1621 2364 risum
1661 2310 1762 2367 est,

83 2374 216 2439 quod
255 2389 353 2422 non
392 2387 546 2436 pauca
587 2372 842 2420 literarum
881 2380 1232 2433 monumenta,
1281 2390 1408 2438 quae
1446 2376 1674 2424 omnibus
1711 2378 1762 2426 in

83 2445 262 2503 medi-o,
305 2446 471 2507 posita
520 2449 693 2491 essent
738 2458 903 2507 neque
951 2443 1101 2492 ullam
1149 2451 1402 2494 sumtuum
1452 2453 1540 2498 aut
1576 2449 1762 2495 viarum

85 2515 368 2565 molestiam
418 2515 763 2577 requirerent,
819 2530 968 2578 quntm
1017 2515 1066 2562 in
1112 2529 1205 2562 suo
1264 2531 1453 2579 genere
1511 2519 1765 2567 communi

82 2582 300 2637 virorum
357 2585 619 2634 doctorum
669 2586 999 2633 consensione
1038 2587 1471 2649 praestantissima
1516 2588 1766 2636 duceren—

85 2666 198 2718 tur,
233 2664 404 2706 tamen
440 2652 1068 2722 propemodum'iacerent
1094 2657 1327 2722 neglecta
1360 2663 1446 2706 aut
1487 2663 1630 2708 certe
1667 2675 1766 2711 non

87 2746 147 2778 ea
182 2744 302 2777 eura
343 2744 402 2776 ae
453 2727 713 2791 diligentia
762 2733 935 2776 essent
970 2727 1250 2789 illustrata,
1292 2745 1444 2792 ,quam
1489 2730 1554 2779 iis
1590 2729 1766 2780 deberi

86 2799 444 2863 sapientissimi
480 2799 664 2863 quique
701 2799 1057 2846 existimarent.
1132 2798 1183 2864 ln
1221 2815 1431 2863 quorum
1468 2816 1766 2851 monumen-

86 2877 254 2920 torum
292 2886 500 2919 numero
538 2885 635 2918 non
671 2868 896 2919 videmur
929 2885 1102 2917 errare
1139 2871 1286 2918 etiam
1326 2886 1455 2935 opus
1488 2871 1613 2921 illud
1650 2873 1767 2925 Pla-

87 2943 221 2990 tonis
259 2941 539 2989 habendum
579 2955 695 2988 esse
720 2939 1015 3000 iudicantes,
1053 2957 1321 3004 sanequam
1347 2941 1536 3007 grande
1569 2959 1628 2992 ae
1664 2947 1768 2992 ma'e

89 3012 352 3077 gnilicum
390 3012 519 3076 quod
556 3011 751 3060 Timaei
797 3011 995 3059 nomine
1029 3012 1332 3061 inscribitur.
1405 3013 1560 3063 Cuius
1598 3017 1770 3080 operis

91 3098 240 3147 quum
279 3083 340 3132 ad
372 3083 611 3147 plurimas
649 3081 907 3131 doctrinae
946 3089 1117 3146 partes
1158 3087 1295 3131 tanta
1333 3083 1403 3133 sit
1435 3085 1510 3136 ,τίς
1548 3090 1770 3140 tantum·

92 3169 196 3218 que
235 3159 565 3214 momentum,
616 3158 674 3202 ut
711 3157 765 3202 et
800 3152 1027 3216 theologi
1065 3157 1121 3201 et
1154 3154 1338 3203 medici
1386 3160 1440 3204 et
1486 3157 1771 3206 mathema—

91 3225 181 3274 tici
219 3229 273 3271 et
297 3239 462 3272 rerum
487 3224 786 3272 naturalium
822 3228 1134 3271 scrutatores
1171 3231 1224 3273 et
1245 3226 1524 3290 sapientiae
1559 3229 1774 3278 studiosi

93 3301 148 3344 et
182 3308 302 3343 xero
357 3295 504 3343 etiam
547 3295 792 3360 philologi
831 3310 896 3342 ,ac
948 3292 1222 3344 iuventutis
1259 3299 1486 3361 magistri
1522 3299 1637 3347 inde
1673 3314 1774 3349 non

94 3382 271 3431 parum
307 3365 370 3415 ad
406 3366 701 3431 sapientiam
738 3365 993 3432 proficere
1028 3381 1184 3430 posse
1218 3368 1376 3418 videri
1410 3369 1659 3432 debeant,
1703 3370 1774 3420 si-

1282 3466 1309 3515 1
1352 3463 1382 3499 t
