2072 3698
121 152 177 176 ..ιμ’
207 159 211 162 ’

273 177 313 228 (ς
445 145 451 151 ’
839 169 1386 226 PROLEGOMENA.

282 333 369 370 rea
405 313 617 366 maxime
651 311 984 373 Plutarchus,
1029 329 1200 362 rerum
1250 315 1551 366 musicarum
1587 321 1644 367 et
1678 314 1962 367 mathema-

285 391 494 439 ticarum
531 385 840 450 scriptores,
876 384 1121 454 ProcluS‚
1157 385 1357 450 aliique,
1396 404 1424 436 e
1465 389 1834 437 recentioribus
1871 403 1961 437 au·-
2036 437 2038 441 ,

285 466 390 511 tem
432 456 713 524 praecipue
759 457 1075 516 Boecklxi11S‚
1131 457 1476 522 scripserunt,
1533 460 1732 509 adiutus
1791 473 1963 509 essem

285 538 440 595 atque
475 533 804 578 sustentatus.
877 528 1166 590 Quanquam
1196 543 1290 576 nec
1327 529 1447 579 illud
1479 532 1702 579 reticere
1737 544 1967 596 possum,

287 603 470 651 variam
514 600 661 649 istam
705 597 1136 662 multiplicemque
1171 598 1443 650 lectionem
1482 603 1747 662 effecisse,
1779 607 1837 650 ut
1870 617 1970 650 no-

289 674 369 725 bis
417 687 515 720 non
559 668 935 735 parum-taedii
979 668 1310 720 devorandum
1359 672 1532 725 fuerit.
1603 674 1730 722 Nam
1777 672 1968 733 Procli,

292 742 569 800 Chalcidii,
603 741 916 803 aliorumque
950 739 1082 801 libri,
1124 744 1223 791 etsi
1259 743 1469 810 subinde
1508 744 1693 808 aliquid
1731 744 1847 792 boni
1883 743 1973 791 of-

290 817 484 874 ferunt,
516 820 684 862 tamen
717 811 797 858 vel
831 810 956 859 adeo
995 812 1190 876 oppleti
1226 819 1342 863 sunt
1378 815 1682 878 allegoricae
1717 816 1974 878 iuterpre-

291 886 498 937 tationis
535 882 903 941 delii-amentia,
943 882 1024 930 vel
1059 890 1160 932 tam
1196 886 1400 934 molesti
1435 887 1662 935 infinitae
1697 887 1973 951 loquacita-

291 960 361 1010 tis
411 962 465 1005 et
513 953 820 1019 garrulitatis
865 953 1016 1014 vitio,
1065 960 1150 1002 aut
1198 958 1352 1005 etiam
1400 958 1687 1022 importuna
1735 958 1976 1022 copiosae

291 1028 553 1078 doctrinae
590 1025 960 1085 ostentatione,
1005 1030 1062 1074 ut
1098 1028 1377 1091 periculum
1415 1030 1510 1090 sit,
1547 1044 1610 1077 ne
1646 1029 1709 1078 iis
1744 1028 1975 1093 legendis

293 1097 579 1164 elegantiae
639 1111 816 1144 sensus
877 1096 1078 1144 omuino
1144 1099 1448 1148 obtundatur
1507 1101 1585 1149 vel
1630 1100 1978 1153 intercidatur.

295 1170 547 1233 Quocirca
591 1166 748 1228 bona,
797 1183 925 1231 quae
967 1167 1031 1215 iis
1092 1168 1366 1229 debemus,
1429 1172 1552 1220 satis
1613 1173 1750 1235 gravi
1803 1171 2015 1224 labores

294 1242 523 1291 videmur
566 1237 865 1286 redemisse.
939 1237 1038 1286 lam
1084 1256 1207 1288 vero
1254 1243 1501 1290 rationem
1549 1242 1697 1291 huius
1745 1243 1981 1291 editionis

294 1315 346 1363 in
380 1313 665 1361 universnm
704 1309 904 1373 «widem
936 1317 1077 1358 certe
1116 1311 1323 1360 eandem
1363 1329 1480 1361 esse
1515 1314 1796 1375 voluimus,
1835 1330 1981 1378 «piam

294 1387 348 1436 in
385 1399 473 1433 sex
512 1376 766 1446 prioribus
799 1381 1023 1446 Operum
1063 1382 1436 1432 Platonicorum
1485 1386 1716 1447 partibus
1752 1385 1982 1435 institui-

295 1472 426 1509 mus,
496 1451 670 1517 ltaque
717 1457 836 1501 ante
886 1455 1049 1501 omnia
1097 1457 1330 1503 universe
1377 1455 1442 1504 de
1479 1455 1690 1504 Timaeo
1730 1457 1984 1522 explican-

295 1528 416 1577 dum
465 1529 577 1585 est,
613 1524 746 1587 quod
783 1524 983 1589 quidem
1021 1524 1266 1574 facit-mus
1304 1527 1406 1587 sic,
1459 1533 1513 1575 ut
1552 1543 1623 1591 pr.
1705 1544 1764 1576 an
1800 1527 1864 1576 de
1900 1544 1983 1576 ar-

291 1596 781 1664 gumentooperis,
819 1594 999 1643 deinde
1037 1596 1099 1644 de
1137 1598 1252 1644 idea
1290 1599 1397 1645 eius
1435 1605 1588 1661 atque
1638 1606 1771 1659 hue,
1825 1600 1867 1647 si
1915 1600 1986 1648 ita

299 1670 474 1718 dicere
520 1667 700 1725 liceat,
750 1673 854 1714 tum
900 1666 964 1713 ‹le
1015 1667 1240 1716 ciusdem
1286 1684 1413 1716 nexu
1465 1685 1577 1717 cum
1616 1670 1725 1718 aliis
1762 1669 1988 1722 Platonis

299 1741 525 1805 scriptis,
564 1737 630 1785 de
666 1738 863 1785 ratione
901 1737 1182 1787 disserendi
1220 1740 1269 1787 in
1300 1756 1361 1787 eo
1386 1746 1651 1803 regnante,
1692 1741 1755 1788 de
1793 1741 1983 1789 doctri-

298 1828 395 1863 nae
430 1813 479 1860 in
517 1823 579 1857 eo
617 1809 882 1873 expositae
917 1809 1173 1871 fontibus,
1220 1810 1385 1875 deque
1423 1812 1533 1859 aliis
1570 1813 1722 1861 rebus
1760 1811 1990 1877 dispute-

300 1890 415 1943 tur,
461 1895 668 1947 quarum
718 1880 988 1927 illustratio
1039 1881 1125 1941 iis,
1174 1883 1258 1945 qui
1307 1888 1528 1931 mentem
1579 1899 1637 1931 ac
1684 1885 1990 1933 sententiam

300 1954 528 2005 Platonis
570 1951 776 2017 penitus
826 1954 1124 2018 percepturi
1172 1953 1302 2016 sint,
1346 1969 1559 2019 prorsus
1594 1956 1884 2006 necessaria
1916 1956 1991 2006 vi-

300 2026 498 2076 dentur.
