2072 3698
628 188 1178 274 -PR-OLEGOMENA.
1676 223 1750 275 49

67 381 192 433 pore
226 365 444 414 humano
482 367 831 426 compararent
851 362 1068 428 indeque
1092 360 1477 428 philosophandi
1501 363 1743 430 principia

66 438 406 496 deducerent,
446 435 720 495 mirandum
764 432 1001 498 profecto
1040 448 1135 483 non
1175 439 1286 495 est,
1333 437 1494 499 quod,
1539 437 1741 486 etiamsi

63 526 235 560 rerum
285 509 426 557 initia
468 508 519 555 in
567 506 777 554 materia
826 519 1094 570 corporum
1139 506 1519 571 quaesiverunt,
1569 513 1740 556 tamen

57 582 112 630 'ei
149 576 410 628 animalem
447 577 688 642 quandam
726 578 823 625 vim
865 578 1157 625 attribuisse
1200 579 1540 643 reperiuntur:
1612 578 1740 630 Nam

65 652 258 702 Thales
310 648 509 714 quidem
569 647 833 708 Milesius,
900 650 982 712 qui
1047 649 1236 711 primus
1296 649 1359 697 de
1417 651 1600 698 talibus
1657 666 1740 698 re-

66 726 158 774 bus
215 721 503 786 ¹·quaesivit,
572 733 722 782 quum
785 732 961 782 aquam
1036 721 1219 769 dixerit
1284 736 1455 770 rerum
1526 722 1740 783 initium,

66 791 202 860 quod
252 794 418 856 ipsum
482 797 695 854 propter
755 792 986 854 corporis
1050 788 1251 839 humani
1315 786 1743 856 comparationem

65 869 139 916 ita
184 865 425 912 statuisse
472 862 672 909 videtur
700 861 780 926 *);
839 864 1079 910 materiae
1123 864 1219 911 vim
1270 864 1510 926 quandam
1562 865 1744 928 agendi

65 936 275 992 divinam
329 934 551 982 adiunxit
601 933 707 980 sive
755 933 963 981 animam
1013 948 1106 997 per
1151 935 1314 993 omnia
1351 934 1740 989 commeantem.

67 1007 140 1056 lta
179 1011 321 1055 certe
360 1003 669 1052 concilianda
707 1003 908 1053 videtur
945 1004 1195 1053 sententia
1229 1006 1647 1056 Aristotelis
1687 1011 1744 1057 et

66 1077 423 1143 Augustini
476 1075 548 1123 De
596 1073 813 1124 civitate
863 1075 957 1124 Dei
994 1075 1105 1126 Vll.
1145 1076 1194 1128 2.
1233 1077 1316 1140 qui
1355 1071 1624 1127 Thaletem
1662 1094 1744 1126 ar*-

63 1151 316 1200 bitrantur
358 1147 482 1196 nihil
520 1148 638 1195 huic
676 1147 822 1211 operi
859 1160 919 1195 ex
959 1153 1130 1195 mente
1166 1143 1334 1198 div'ina.
1363 1152 1740 1214 praeposuisse,

65 1237 178 1270 cnm
230 1234 321 1280 eo,
370 1217 505 1283 quod
545 1223 722 1279 *narrat
769 1216 1008 1267 Cicero
1059 1216 1138 1266 De
1182 1216 1298 1271 Nat.
1350 1216 1502 1270 Deor.
1551 1221 1586 1272 1.
1638 1221 1741 1283 10„

65 1292 311 1343 statuisse
347 1302 462 1338 eum
499 1304 675 1353 aquam
712 1291 1057 1342 esse..initium
1096 1290 1314 1339 omnium
1349 1305 1549 1352 rerum,
1592 1291 1742 1342 deum

65 1366 233 1412 autem
260 1377 380 1426 „eam
415 1367 672 1420 mentem,
719 1376 846 1424 quae
883 1375 943 1410 ex
982 1373 1108 1425 aqua
1146 1368 1323 1410 cuncta
1357 1362 1591 1427 fingeret.
1668 1363 1743 1411 De

68 1452 165 1499 qua
207 1430 503 1483 iudiciorum
551 1431 891 1495 discrepantia
951 1440 1296 1494 exposuerunt
1362 1433 1741 1482 Bruckerus

63 1506 203 1558 Hist.
250 1502 442 1555 Philus.
493 1503 557 1554 T.
607 1502 642 1555 1.
695 1519 745 1567 p.
788 1504 906 1553 468.
958 1503 1627 1557 *Meinersiusffliston
1670 1505 1742 1553 De

64 1593 186 1625 vero
247 1575 357 1624 Deo
405 1571 462 1623 P.
516 1571 576 1624 ll.
630 1579 757 1634 sect.
810 1571 847 1622 l.
899 1573 964 1623 in.
1017 1572 1435 1623 Tiedemann.
1487 1577 1536 1624 in
1586 1576 1742 1624 libro:

68 1647 261 1698 Geist
298 1643 425 1694 -der
474 1643 867 1709 speculatiV.
916 1640 1165 1693 Philos.
1212 1644 1273 1696 V.
1335 1648 1374 1694 l.
1419 1662 1467 1709 p.
1515 1647 1581 1695 41
1632 1663 1742 1711 sqq.

69 1719 493 1769 Teunemann.
535 1716 668 1765 Hist.
710 1715 836 1763 Phil.
876 1711 940 1764 T.
978 1715 1016 1763 1.
1055 1732 1100 1779 p,
1128 1716 1210 1765 (50.
1251 1716 1334 1765 alii
1356 1718 1517 1769 multi.
1567 1718 1745 1767 Enim-

69 1804 188 1840 vero
241 1788 439 1837 etiamsi
488 1783 726 1836 Milesius
774 1787 863 1834 ille
912 1786 1248 1850 philosophus
1304 1804 1472 1837 rerum
1539 1796 1748 1838 naturae
1806 1846 1821 1851 ἡ

68 1877 165 1911 non
216 1860 570 1925 praeposuerit
617 1873 799 1906 numen
847 1858 1063 1906 diviumu
1107 1859 1178 1917 ‘ab
1227 1859 1336 1923 ipsa
1390 1860 1640 1909 diversum
1685 1877 1743 1909 ac
1811 1859 1813 1863 ’

69 1935 376 1991 seiunctum,
413 1930 462 1978 id
502 1929 634 1994 quod
669 1935 843 1978 narrat
880 1929 1117 1977 Cicero
1168 1935 1222 1978 et
1267 1933 1350 1995 qui
1387 1946 1500 1979 eum
1540 1933 1743 1996 sequuti

48 2010 188 2053 'sinit
232 2002 626 2070 anctantius
682 2001 923 2051 institutt.
983 2000 1135 2050 Divin¹
1197 1997 1231 2052 l.
1280 2002 1329 2053 5.
1416 2002 1746 2057 Minucius

67 2075 257 2125 Felix
294 2089 336 2123 c.
380 2074 492 2131 19„
528 2078 695 2120 tamen
736 2074 832 2119 vim
873 2069 1112 2136 quandam
1149 2073 1359 2134 divinam
1399 2076 1573 2138 utique
1608 2074 1749 2123 vide-

72 2153 155 2197 tur
190 2143 476 2204 statuisse,n
501 2159 628 2207 quae
665 2143 897 2191 effectrix
935 2150 1074 2190 esset
1109 2144 1158 2192 in
1195 2160 1365 2192 rerum
1410 2152 1586 2193 natura
1635 2162 1749 2194 mo-

72 2225 245 2268 tuset
293 2217 625 2264 mutationum
673 2216 907 2262 omnium.
982 2215 1139 2276 Quam
1178 2217 1478 2264 sententiam
1516 2218 1750 2281 complu-

15 2327 18 2330 -
70 2291 209 2338 ribus
245 2287 554 2351 argumentis
594 2286 877 2334 confirmari
913 2286 1048 2337 licet.
1123 2286 1246 2334 Nam
1298 2289 1511 2350 primum
1550 2289 1751 2351 quidem

75 2361 403 2418 Stobaeus
462 2357 672 2420 Eclogg.
733 2356 882 2419 Phys.
934 2352 969 2407 Ι.
1031 2354 1395 2406 l.>'1*haletem
1447 2367 1615 2407 narrat
1652 2362 1752 2409 vim

76 2430 316 2496 quandam
354 2429 563 2475 divinam
602 2429 842 2476 stat-uisse
880 2441 973 2491 per
1008 2443 1182 2490 aquam
1221 2428 1467 2487 diffusam,
1506 2446 1600 2492 qua
1625 2430 1753 2478 haec

0 2535 1 2553 ,
75 2505 186 2566 ipsa
215 2506 517 2550 moveretur.
556 2495 750 2546 Deinde
778 2501 815 2546 A
831 2499 880 2546 ri
897 2515 918 2546 s
936 2504 958 2546 t
973 2512 1000 2544 o
1014 2506 1035 2545 t
1049 2514 1078 2546 e
1092 2498 1147 2545 le
1165 2514 1188 2546 s
1208 2505 1385 2548 auctor
1406 2506 1486 2548 est
1500 2499 1574 2549 De
1592 2503 1752 2554 Anim.

80 2575 118 2625 l.
149 2575 197 2624 2.
269 2571 543 2619 Thaletem
581 2570 732 2618 etiam
777 2576 1057 2633 magnetem
1094 2569 1312 2618 voluisse
1349 2573 1509 2619 anima
1547 2573 1754 2635 praedi-

82 2651 214 2703 tum,
265 2648 321 2690 ut
369 2643 451 2706 qui
501 2646 729 2689 moveret
777 2641 1162 2704 attraheretque
1224 2638 1436 2690 ferrum.
1526 2642 1755 2707 Denique

35 2751 38 2758 ι
79 2717 148 2764 ita
195 2714 394 2762 demum
444 2712 770 2776 intelligitur,
819 2725 1057 2775 quorsum
1107 2713 1360 2775 pertineat
1394 2713 1526 2777 quod
1564 2715 1756 2770 Tshales

80 2787 267 2834 dixisse
317 2785 485 2831 fertur
531 2785 694 2831 omnia
741 2796 858 2830 esse
906 2783 1052 2846 plena
1098 2783 1334 2832 deorum:
1391 2785 1454 2833 de
1506 2801 1601 2848 qua
1648 2787 1758 2835 eius

85 2859 320 2922 opinione
358 2871 397 2906 v.
438 2855 693 2918 Diogen.
733 2853 944 2904 Laert.
984 2855 1020 2902 l.
1059 2853 1141 2903 28.
1174 2856 1455 2907 Aristot.
1495 2854 1570 2903 Dc
1596 2858 1756 2906 Anim.

91 2928 126 2976 l.
173 2927 223 2978 5.
273 2925 505 2988 Metaph.
559 2927 594 2973 l.
645 2926 693 2976 3.
745 2925 951 2975 Cicer.
1006 2924 1162 2988 chg.
1215 2925 1302 2984 ll,
1359 2927 1440 2974 11.
1510 2927 1774 2983 Nimirum!

84 3000 181 3047 vim
216 2999 363 3046 istam
402 2997 611 3044 divinam
636 3012 804 3044 rerum
835 2997 1210 3059 universitatem
1235 3003 1579 3059 permeantem
1608 3001 1761 3049 etiam

87 3070 296 3134 singulis
336 3070 489 3116 rebus
526 3068 810 3117 adiunctam
866 3083 982 3116 esse
1029 3066 1301 3116 arbitratus
1341 3073 1436 3120 est.
1509 3070 1760 3133 Quemad-

59 3237 70 3242 -
147 3209 202 3261 *)
262 3211 399 3246 Acute
438 3209 538 3246 lac.
578 3204 909 3245 Thomaeiua
949 3207 1189 3246 Observatt.
1230 3206 1386 3246 Select.
1419 3206 1515 3248 Hal.
1553 3209 1604 3247 Τ.
1636 3210 1686 3247 n.
1722 3221 1764 3260 p.

259 3267 357 3303 427.
398 3265 588 3303 Thaletis
639 3264 1018 3303 ratiocinationem
1063 3266 1125 3302 sic
1167 3265 1429 3305 declaravit:
1489 3267 1762 3319 ‚,Animal‚

258 3322 418 3371 inquit,
462 3332 485 3359 e
525 3322 758 3369 semine3
800 3322 1032 3358 mundus
1075 3323 1304 3372 animal,
1358 3334 1492 3373 ergo
1538 3325 1765 3363 mundun

256 3391 279 3416 e
311 3378 530 3415 semine,
592 3380 782 3416 semen
826 3379 1125 3426 humidum,
1172 3380 1399 3418 :nundus
1455 3393 1478 3419 e
1518 3383 1765 3428 semine3

257 3447 392 3485 ergo
426 3435 663 3472 muudu-
688 3447 748 3474 εχ
779 3435 1024 3485 humid03
1056 3447 1189 3486 ergo
1222 3438 1453 3477 muudus
1484 3449 1552 3478 ex
1581 3436 1772 3487 aqua.“

160 3521 264 3560 mat.
303 3523 411 3571 Opp.
444 3519 543 3561 v01.
576 3520 670 3570 Vll.
1163 3519 1165 3521 ’
1232 3579 1236 3583 ‚
1330 3521 1367 3570 6
