2072 3698
241 190 314 242 ao
642 172 652 177 ’
809 186 1358 244 metanomiam.
1371 191 1400 203 „

241 329 443 382 modum
502 335 669 380 autern
727 288 877 380 huius
937 329 1162 378 familiae
1219 312 1459 400 princeps
1520 331 1698 381 sensili
1755 347 1926 400 rerum

240 403 491 486 prin-cipio
539 402 799 451 animaiem
851 401 1093 464 quandam
1143 395 1241 448 vim
1289 402 1547 466 attribuit,
1591 398 1723 451 unde
1758 409 1927 452 muta-

242 474 395 524 tionis
443 474 586 538 origo
635 474 1008 532 declararetur
1051 472 1123 519 ita
1170 472 1319 521 etiam
1372 474 1455 538 qui
1492 475 1658 539 ipsum
1694 477 1925 539 proxime

243 546 446 609 sequuti
481 552 596 593 sunt
637 545 868 594 similiter
904 541 1126 590 sensisse
1162 545 1501 607 reperiuntur.
1574 545 1700 593 Nam
1728 546 1942 598 Anaxi--

243 632 415 666 menes
453 617 651 680 quidem
693 631 785 679 pro
822 624 994 661 rerum
1031 614 1278 678 principio
1315 615 1482 664 aerem
1517 610 1724 676 habuit,
1776 633 1925 680 quem

242 688 402 735 voluit
450 703 566 736 esse
615 690 911 736 immensum
964 691 1018 733 et
1061 685 1308 737 infinitum
1347 694 1399 735 et
1437 704 1642 752 semper
1680 688 1729 735 in
1767 694 1923 741 motu.

242 759 448 823 Quippe
497 760 664 806 aerem
711 756 912 803 videbat
963 760 1017 804 et
1061 753 1441 806 subtilissimum
1485 775 1602 807 esse
1642 764 1694 806 et
1733 760 1926 808 animae

246 827 582 889 simillimum3
625 828 759 876 unde
808 828 957 875 etiam
987 821 1153 879 deum
1206 828 1345 877 iilum
1390 829 1627 879 iudicavit
1661 832 1927 896 ipsamque
2002 894 2005 897 Ι

245 902 456 950 animam
506 916 567 947 ex
615 901 734 947 aeie
782 899 1062 949 conflatam.
1146 900 1229 950 Ex
1273 901 1453 964 quibus
1512 906 1743 966 apertum
1808 919 1928 952 esse

243 979 479 1038 putamus
524 970 658 1021 hune
708 985 909 1035 quoque
953 969 1189 1020 mundum
1254 971 1444 1022 fecisse
1506 974 1824 1022 animantem.
1879 989 1966 1028 vs

243 1045 527 1094 Aristot.
579 1038 734 1107 Phys
785 1038 822 1093 Ι.
868 1041 919 1090 4.
965 1040 1042 1090 De
1090 1041 1249 1091 Coelo
1300 1043 1385 1093 ΠΙ.
1435 1043 1484 1096 5.
1531 1045 1746 1094 Cicer.
1795 1046 1927 1094 Aca-

244 1114 376 1166 dem.
436 1113 524 1165 1V.
572 1113 658 1164 37.
750 1112 1143 1177 Simplicius
1207 1113 1284 1162 De
1346 1113 1456 1164 col.
1530 1114 1620 1167 111.
1687 1115 1781 1168 fol.
1836 1116 1926 1170 51.

241 1186 423 1250 Neque
492 1185 553 1233 ab
624 1184 719 1233 hac
791 1182 1042 1233 sententia
1113 1184 1304 1234 alienus
1373 1182 1476 1235 fuit
1546 1186 1929 1241 Anaximander.

244 1254 343 1320 Qui
389 1259 683 1321 (plumbeo
733 1271 910 1320 aquam
957 1271 1053 1305 nec
1111 1259 1279 1304 aerem
1337 1257 1534 1305 videret
1590 1259 1752 1308 solum
1811 1274 1931 1308 esse

240 1343 399 1394 posse
445 1343 614 1376 rerum
663 1328 996 1392 principium,
1045 1322 1224 1396 statuit
1271 1328 1440 1393 potius
1476 1327 1723 1379 infinitum
1764 1331 1931 1395 quod-

243 1401 374 1459 dam,
417 1399 567 1464 quod,
615 1415 764 1463 quum
816 1415 843 1447 a
894 1397 1104 1466 singuiis
1155 1398 1422 1448 elementis
1459 1399 1600 1449 esset
1656 1401 1928 1463 diversum,

241 1476 411 1521 tamen
450 1471 727 1520 eommunis
764 1471 907 1535 quasi
943 1484 1131 1521 eorum.
1158 1471 1376 1519 omnium
1426 1470 1543 1520 fons
1589 1475 1742 1536 atque
1777 1489 1928 1522 causa

226 1543 715 1606 'videreturfidque
751 1547 890 1590 teste
927 1540 1275 1605 Simplicio
1314 1543 1363 1590 in
1404 1537 1616 1592 Aristotss
1654 1540 1808 1608 Phys.
1832 1543 1927 1598 fol.

241 1616 294 1662 6.
342 1630 386 1666 a.
437 1615 628 1679 primus
673 1611 781 1696 τιῖς
826 1608 996 1678 ἀρχῆς
1045 1613 1245 1666 nomine
1298 1614 1521 1672 vocavit,
1571 1615 1684 1677 quia
1732 1631 1792 1664 ex
1826 1616 1927 1665 hoc

239 1690 477 1749 tauquam
516 1684 774 1749 principio
819 1683 1126 1747 retiquorum
1188 1688 1331 1732 ortus
1395 1685 1706 1750 repetendus
1770 1683 1927 1746 esset.

239 1755 535 1808 Verisimile
586 1762 667 1827 est
714 1761 883 1803 autem
934 1755 1188 1818 cogitasse
1237 1771 1349 1803 enm
1405 1755 1469 1804 de
1514 1759 1724 1806 materia
1759 1759 1926 1822 aliqua

239 1829 494 1894 primaria¹
531 1828 580 1876 in
619 1843 716 1891 qua
753 1820 1116 1876 elementorum
1155 1823 1310 1875 veluti
1334 1828 1525 1876 semina
1563 1834 1615 1876 et
1651 1829 1790 1877 initia
1829 1831 1924 1879 'ab-

240 1898 468 1950 scondita
504 1899 800 1947 latuissent.
840 1914 983 1962 quam
1038 1898 1311 1961 appeliaxit
1340 1899 1590 1952 infinitam
1630 1906 1924 1964 propterea,

240 1971 374 2036 quod
423 1972 472 2019 iu
523 1967 581 2018 ea.
630 1969 847 2019 nondum
894 1968 1145 2017 discretae
1193 1985 1251 2016 ac
1291 1977 1556 2034 separatae
1594 1977 1769 2020 esseut
1808 1973 1922 2022 eie-

242 2048 527 2091 meutorum
577 2043 707 2089 xii-es
758 2058 816 2090 ac
862 2041 1108 2101 virtutes,
1145 2046 1200 2088 ut
1237 2042 1605 2105 propemodum
1643 2044 1920 2108 suspiceris

241 2112 508 2163 Platonem
560 2129 622 2161 eo
671 2112 816 2174 loco,
873 2127 972 2176 quo
1010 2113 1269 2161 materiam
1306 2109 1582 2177 descripsit
1617 2115 1921 2178 primitivam

241 2201 454 2248 eamque
502 2188 556 2233 et
612 2184 772 2248 ipsam
831 2183 1107 2247 infinitam,
1165 2183 1265 2231 hoc
1312 2184 1595 2234 lonicorum
1656 2185 1921 2236 decretum

241 2257 306 2307 ad
350 2272 461 2306 rem
521 2255 658 2311 'suam
714 2256 1021 2305 adhibuisse.
1118 2247 1301 2304 Fuisse
1363 2260 1530 2305 autem
1589 2256 1718 2305 haue
1776 2274 1918 2307 men-

239 2334 374 2378 tem
393 2326 743 2378 Anaximandri
812 2326 891 2375 wel
941 2342 1001 2374 ex
1043 2326 1106 2374 iis
1154 2333 1395 2390 apparet,
1445 2343 1573 2390 quae
1633 2327 1697 2376 de
1744 2343 1803 2377 ea
1861 2344 1922 2378 re

238 2399 411 2465 paullo
469 2400 712 2448 incertius
769 2413 827 2447 ac
878 2397 1184 2446 dubitantius
1234 2414 1262 2446 a
1309 2400 1569 2448 veteribus
1628 2400 1921 2465 perscripta

239 2476 373 2522 suut.
447 2471 548 2520 Alii
584 2471 713 2518 enim
750 2456 932 2518 infiniti
967 2474 1192 2517 naturam
1244 2469 1305 2517 ab
1345 2483 1406 2518 eo
1445 2487 1543 2519 non
1582 2486 1698 2520 esse
1740 2472 1920 2523 defiui-

237 2548 343 2591 tam
394 2543 628 2601 tr.adu1t
678 2548 737 2591 ut
789 2541 1055 2604 Diogen
1108 2537 1919 2594 Laeit.11.l.ct1’1ntar-

239 2609 423 2675 elius,
477 2615 561 2678 qui
611 2613 804 2673 fertur„
869 2611 947 2659 De
997 2610 1175 2663 Placit.
1226 2610 1411 2676 philos.
1461 2611 1496 2662 1.
1551 2614 1633 2664 3·
1620 2649 1635 2673 ,
1683 2613 1766 2662 alii
1803 2630 1918 2663 eum

236 2686 410 2734 volunt
448 2686 496 2734 iu
527 2691 695 2734 mente
733 2684 970 2732 habuisse
1007 2688 1231 2731 naturam
1271 2683 1511 2747 quandam
1550 2684 1610 2731 ab
1649 2684 1918 2734 elementis

237 2772 451 2820 piorsus
494 2757 771 2815 diveisam,
820 2756 868 2803 in
908 2770 1117 2818 quorum
1157 2766 1365 2802 nummo
1403 2759 1483 2802 est
1521 2750 1914 2819 Simplicius

237 2830 288 2875 in
331 2829 484 2877 Arist
536 2826 817 2891 Phys.s01
857 2829 906 2872 (i.
945 2842 986 2873 a.
1005 2842 1017 2885 ;
1055 2831 1508 2889 temperamentum
1548 2826 1916 2877 elementorum

239 2899 323 2947 alii
358 2899 619 2963 appellant
655 2915 766 2947 cum
792 2898 1186 2948 Aristotele
1215 2897 1366 2961 Phys,
1397 2897 1429 2948 1.
1466 2898 1544 2957 ὡς
1581 2898 1723 2946 multi
1763 2900 1912 2948 etiam

235 2970 453 3018 medium
492 2970 721 3034 quiddam
759 2969 839 3017 vel
869 2969 1002 3016 inter
1038 2985 1214 3031 uquam
1255 2978 1309 3017 et
1344 2970 1511 3017 aerem
1552 2966 1632 3031 (ut
1675 2970 1914 3019 Cicero

235 3041 393 3092 Acad.
444 3041 504 3091 11.
554 3042 681 3099 37.)
728 3041 809 3088 vel
857 3041 989 3088 iuter
1041 3042 1210 3088 aerem
1251 3044 1304 3087 et
1340 3041 1503 3104 iguem
1542 3054 1656 3088 esse
1693 3056 1914 3089 censue-

234 3116 368 3159 runt.
406 3111 541 3159 conf.
580 3113 789 3162 Cicer.
828 3110 982 3160 Acad.
1020 3111 1105 3162 lv.
1145 3111 1230 3160 37.
1269 3110 1385 3163 coll.
1433 3110 1718 3164 Aristot.
1756 3111 1913 3176 Phys.

235 3181 323 3231 ΙΙΙ.
370 3182 419 3233 8.
470 3182 691 3246 Simpl.
738 3183 813 3231 De
863 3182 1021 3231 Coelo
1070 3182 1161 3230 sol⁴
1202 3181 1318 3231 151.
1357 3197 1401 3232 a.
1475 3181 1578 3229 Iam
1614 3198 1735 3231 vero
1772 3184 1912 3232 Aua-

230 3252 488 3301 ximauder
536 3269 683 3315 quum
728 3256 798 3302 ita
845 3254 908 3301 de
956 3270 1124 3317 rerum
1172 3254 1327 3301 initiis
1366 3253 1609 3312 sentiret,
1646 3259 1815 3303 tamen
1854 3270 1915 3304 ea

231 3339 328 3388 per
376 3340 432 3372 se
479 3325 592 3387 ipsa
638 3341 734 3372 non
786 3341 941 3388 posse
990 3325 1179 3373 moveri
1227 3323 1379 3372 facile
1418 3326 1698 3388 perspexit.
1771 3326 1912 3387 Quo-

230 3395 366 3445 circa
411 3395 606 3444 infinito
648 3396 733 3444 isti
785 3411 876 3445 suo
922 3401 1183 3445 aeteruum
1229 3395 1453 3445 adiunxit
1487 3401 1708 3460 motum,
1763 3396 1905 3447 cuius
