2072 3698
695 178 1240 253 PROLEQOMENA.
1745 181 1816 233 11

282 325 387 376 Iam
438 325 559 374 vero
600 321 841 373 Timaeus
907 322 1237 388 posteaquam
1295 321 1458 373 Deum
1520 321 1696 373 docuit
1754 321 1843 374 ad'

139 395 287 448 ideae
330 395 502 448 mundi
549 394 805 459 exemplar
852 394 980 443 hanc
1026 410 1196 445 rerum
1245 395 1618 445 universitatem
1675 410 1820 444 creu-

139 470 311 530 visse,
359 483 419 518 ex
456 482 519 517 eo
562 467 705 531 ipso,
742 466 901 527 qualis
938 466 1003 515 de
1040 467 1148 515 eius
1185 467 1510 531 generatione
1545 472 1699 530 atque
1733 483 1823 517 na·-

140 544 257 590 tura
293 538 566 604 disputatio
602 537 776 585 futura
815 538 908 597 sit,
945 538 1114 602 paucis
1153 538 1352 601 quidem
1390 538 1583 599 verbis,
1633 537 1723 586 sed
1758 539 1822 588 iis

139 611 446 676 gravissimis
485 608 751 673 significat.
833 608 1258 670 Quemadmodum
1305 610 1434 659 enim
1484 609 1566 657 hic
1595 609 1822 683 'mundus

137 696 239 732 non
275 688 357 731 est
391 681 490 729 nisi
524 681 690 743 imago
729 680 969 742 quaedam
995 681 1165 742 mundi
1188 681 1540 744 intelligibilis,
1574 681 1646 729 ita
1669 682 1822 730 etiam

137 753 530 817 disputationem
577 766 716 800 suam
763 765 861 799 non
897 752 1159 800 absolutae
1205 753 1431 800 veritatis
1479 767 1716 800 numeros
1751 752 1825 801 ait

139 839 260 874 esse
307 824 622 883 habituram,
671 820 763 871 sed
810 823 1259 871 verisimilitudinis
1308 823 1654 872 tantummodo
1701 839 1826 887 spe-

138 897 319 945 ciem.>
368 894 498 943 Nam
546 893 755 942 eandem
802 893 968 953 illam,
1019 909 1145 956 quae
1179 896 1314 944 inter
1346 911 1456 944 rem
1491 896 1651 960 ipsam
1689 897 1826 944 eius-

138 974 239 1030 que
285 966 553 1030 imaginem
599 963 872 1013 intercedit
915 964 1280 1026 differentiam,
1330 968 1481 1033 etiam
1537 968 1670 1015 inter
1707 982 1826 1016 ser-

137 1053 315 1089 mones
365 1037 637 1088 arbitr-atur
684 1035 1036 1096 intercedere,
1086 1038 1254 1101 prouti
1301 1037 1362 1095 ad
1408 1037 1536 1086 hauc
1572 1038 1653 1086 vel
1689 1035 1826 1087 iliam

137 1108 447 1161 referantur.
533 1108 782 1170 Quocirca
830 1108 942 1171 ipse
993 1123 1130 1156 suam
1179 1108 1568 1172 disputationem
1623 1109 1829 1161 fabulae

137 1176 342 1232 nomine
388 1179 626 1243 insignit,
674 1179 861 1244 quippe
915 1193 1042 1242 quae
1087 1194 1184 1227 non
1222 1181 1271 1227 in
1319 1181 1546 1230 veritatis
1596 1180 1827 1246 expiorass¹

138 1252 311 1311 tione,
346 1250 436 1300 sed
471 1251 524 1301 in
558 1249 1004 1300 verisimilitudinis
1043 1251 1410 1318 suspicionibus
1447 1253 1515 1304 sit
1548 1254 1828 1307 vei-satura.

139 1321 200 1375 P.
235 1323 324 1373 29.
363 1323 424 1374 A.
460 1348 530 1358 —
564 1319 629 1369 D.
1046 1325 1054 1329 ·

283 1392 379 1442 His
429 1391 718 1456 praemissis
769 1390 1009 1440 Timaeus
1054 1392 1128 1441 sic
1175 1392 1291 1443 fere
1344 1392 1603 1456 disputare
1641 1394 1829 1460 pergit.

143 1462 239 1515 Ad
275 1463 686 1513 condendum
723 1462 887 1512 hunc
925 1463 1242 1525 mundum,
1279 1465 1366 1527 qui
1403 1471 1484 1512 cst
1522 1465 1674 1530 longe
1710 1466 1830 1530 pul-

143 1533 446 1594 cherrimus,
483 1534 683 1582 Deum
718 1549 844 1582 non
876 1534 1003 1582 alia
1025 1535 1371 1583 commovit
1399 1550 1616 1596 causa,
1652 1547 1832 1600 qnam

142 1606 410 1656 bonitas
445 1605 689 1670 ipsius:
729 1620 880 1668 quum
918 1607 1050 1654 enim
1087 1622 1272 1654 numen
1308 1606 1524 1654 divinum
1557 1608 1624 1656 sit
1648 1609 1832 1656 bonum

142 1676 362 1742 ideoque
410 1677 562 1726 etiam
601 1676 761 1726 omnis
798 1690 977 1740 expers
1013 1676 1256 1737 invidiae,
1304 1677 1428 1726 nihil
1477 1678 1635 1738 male,
1672 1680 1836 1728 omnia

144 1748 277 1799 bona
311 1747 472 1797 voluit
507 1747 753 1808 efficere,
792 1747 1131 1810 mundumque
1170 1749 1266 1797 sibi
1303 1749 1400 1812 ipsi
1435 1749 1653 1799 reddere
1689 1766 1836 1814 quam

145 1814 471 1871 simillimum.
543 1811 622 1867 Ek
657 1833 758 1881 quo
795 1824 1003 1883 apparet
1043 1835 1158 1868 eum
1195 1821 1245 1869 in
1285 1819 1468 1868 mundo
1519 1821 1838 1871 informando

145 1890 558 1956 perficiendoque
596 1890 826 1939 bonum
863 1892 1187 1954 spectavisse.
1258 1891 1402 1941 Hanc
1437 1893 1596 1956 ipsam
1632 1895 1695 1941 ob
1718 1910 1839 1942 cau-

147 1977 254 2012 sam
303 1976 423 2010 vero
469 1962 734 2011 materiam
780 1976 1047 2025 corporum
1095 1963 1429 2023 inconditam,
1476 1964 1747 2015 informem
1783 1968 1840 2015 et

146 2032 484 2085 immoderate
518 2033 756 2097 agitatam
792 2033 994 2097 redegit
1029 2034 1079 2081 in
1113 2034 1378 2086 ordinem.»

289 2103 399 2153 Nec
436 2119 560 2152 vero
597 2119 707 2154 eam
743 2104 801 2155 vi·
826 2105 963 2153 vitali
989 2104 1200 2167 quadam
1231 2121 1405 2154 carere
1426 2105 1598 2155 voluit.
1672 2105 1836 2168 Quum

151 2173 287 2224 enim
322 2173 636 2239 intelligeret
683 2175 868 2224 nullam
918 2192 1027 2224 rem
1064 2183 1237 2225 mente
1273 2177 1568 2226 destitutam
1603 2180 1839 2242 aequipa-

151 2261 268 2295 rare
301 2246 541 2297 virtutem
579 2260 781 2306 eorum,
818 2262 946 2311 quae
983 2252 1151 2306 mente
1188 2249 1411 2312 praedita
1449 2254 1581 2309 sunt,
1619 2260 1840 2298 mentem

151 2330 275 2365 vero
322 2318 434 2366 sine
478 2317 641 2365 anima
687 2317 874 2366 nuliam
922 2333 1040 2367 esse
1087 2334 1268 2384 posse;
1314 2319 1596 2371 faciendum
1635 2323 1843 2386 putavit,

155 2391 216 2435 ut
263 2387 416 2437 etiam
451 2388 733 2451 ,corpori
781 2388 1095 2451 mundano
1143 2391 1407 2441 animam
1453 2407 1589 2439 cum
1626 2399 1842 2441 mente

156 2457 393 2508 iniiceret
425 2472 588 2522 eoque
624 2457 775 2507 modo
805 2474 930 2522 opus
966 2459 1118 2524 longe
1154 2462 1639 2526 praestantissimum
1674 2463 1844 2510 absol-

157 2535 321 2583 veret.
413 2527 488 2577 lta
534 2529 690 2593 igitur
739 2529 951 2579 mundus
1008 2532 1180 2580 extitit
1238 2532 1417 2582 animai
1474 2534 1635 2583 anima
1687 2540 1844 2599 atque
1928 2526 1939 2529 '⁷

158 2605 330 2653 mente
366 2599 663 2664 praeditum.
736 2600 794 2648 P.
830 2601 915 2649 29.
952 2598 1012 2652 l).
1047 2629 1119 2643 —-·
1151 2603 1238 2652 3⁰.
1276 2603 1335 2656 Β.

302 2671 402 2719 lam
428 2672 526 2719 hoc
551 2672 624 2719 ita
647 2673 814 2734 posito
838 2671 1170 2724 definiendum
1205 2679 1303 2734 est,
1346 2673 1408 2723 ad
1445 2673 1700 2727 cuiusnam
1731 2675 1844 2728 ani-

163 2741 401 2794 mantium
422 2743 797 2792 similitudinem
821 2759 988 2793 rerum
1017 2746 1232 2794 omnium
1253 2753 1428 2794 auctor
1452 2746 1685 2796 mundum
1705 2763 1844 2797 com-

165 2814 409 2879 posuerit.
466 2813 720 2864 ‘Necesse
770 2819 850 2864 est
895 2820 1062 2866 autem
1106 2817 1365 2882 exempiar
1419 2816 1581 2867 fuisse
1626 2823 1679 2867 et
1727 2818 1846 2888 pul-

168 2885 471 2934 clierrimum
527 2891 582 2934 et
635 2885 1092 2945 absolutissimum,
1153 2888 1387 2951 quodque
1439 2894 1653 2949 cuncta,
1717 2905 1847 2953 quae

167 2956 363 3005 ratione
386 2953 752 3020 intelliguntur,
789 2956 1055 3010 animantia
1090 2958 1138 3006 in
1161 2958 1694 3022 se'complecteretur3
1719 2961 1847 3010 alio·

168 3027 285 3090 quin
323 3027 451 3075 enim
492 3042 589 3078 non
626 3026 796 3076 fuerat
819 3026 1124 3089 perfectum.
1197 3028 1327 3078 Huic
1351 3030 1508 3094 igitur
1530 3029 1667 3082 Deus
1695 3047 1847 3101 quum

170 3112 340 3147 rerum
386 3098 766 3147 universitatem
812 3098 1015 3146 finxerit
1064 3099 1307 3163 similem,
1367 3115 1576 3164 prorsus
1632 3119 1848 3153 necesse

173 3173 285 3228 est,
331 3174 389 3217 ut
438 3169 586 3218 sicuti
632 3186 783 3218 unum
836 3170 1184 3219 tantummodo
1229 3172 1399 3223 mundi
1446 3174 1701 3239 exemplar
1732 3174 1850 3238 suit,

173 3240 246 3289 ita
281 3239 432 3287 etiam
467 3246 624 3290 unus
661 3239 927 3292 mundus
954 3241 1250 3303 reperiatur.
1292 3242 1347 3297 P.
1386 3245 1471 3295 3⁰.
1508 3245 1568 3298 Β.
1591 3245 1767 3298 -31.
1788 3246 1848 3300 Β.

311 3308 562 3373 Quidquid
598 3315 766 3360 autem
803 3316 966 3359 ortum
1004 3311 1188 3372 habet,
1236 3312 1286 3363 id
1333 3317 1388 3363 et
1433 3330 1733 3380 corporeum
1771 3323 1854 3368 est

175 3384 231 3432 et
264 3379 607 3446 adspectabile
642 3388 795 3447 atque
830 3382 1113 3439 tractabile.
1182 3385 1521 3451 Quamobrem
1543 3386 1682 3439 Deus
1708 3403 1852 3442 mun-
