2072 3698
253 211 330 263 88
817 209 1093 263 motae
1102 207 1205 262 OM
1210 205 1363 264 EM.

250 352 336 417 qul
380 351 509 402 hanc
553 368 752 419 quoque
801 351 1159 418 philosophiae
1201 356 1400 415 partem
1444 349 1508 401 ad
1542 351 1920 420 mathematicas

248 423 470 474 rationes
505 426 906 486 revocavissent,
951 425 1005 473 in
1051 422 1239 472 ceteris
1286 427 1453 472 autem
1488 424 1562 473 sic
1598 441 1716 474 esse
1749 442 1918 477 versa-

249 501 390 553 tum,
437 500 494 544 ut
539 496 868 560 undecunque
918 492 1157 558 quidquid
1200 494 1615 549 verisimillimum
1663 495 1919 547 videretur

250 565 540 630 susciperet
610 573 763 632 atque
834 565 984 614 divini
1041 564 1230 630 ingenii
1298 564 1525 615 sollertia
1586 573 1919 632 componeret

251 641 309 685 et
379 639 429 686 in
497 654 649 686 unum
713 636 1069 700 coniungeret,
1143 636 1216 684 ita
1285 636 1514 700 quidem,
1579 644 1639 687 ut
1702 639 1916 690 aliorum

245 706 444 758 inventa
489 708 570 757 vel
639 709 922 770 corrigeret
968 711 1024 756 et
1078 705 1372 757 emendaret
1424 708 1504 757 vel
1557 711 1709 759 etiam
1759 726 1914 775 auge-

246 784 332 827 ret
401 785 554 843 atque
615 779 968 842 locupletaret.
1072 777 1186 841 Quo
1251 777 1302 826 in
1372 794 1564 843 genere
1621 781 1915 845 superiores

242 848 579 914 philosophos
635 865 811 900 omnes
867 852 1009 898 tanto
1062 848 1328 899 intervallo
1375 844 1495 914 post
1541 866 1600 901 se
1644 852 1916 917 reliquisse

243 921 600 969 existimandus
648 925 757 981 est,
816 923 875 969 ut
919 933 1049 969 unus
1093 921 1311 970 omnium
1372 922 1727 972 sollertissime
1785 923 1916 988 phy-

243 991 460 1040 sicorum
508 993 706 1040 iuventa
752 1006 864 1039 cum
912 991 1120 1040 rationis
1167 992 1389 1042 decretis
1442 995 1792 1058 composuisse
1837 1001 1916 1044 at-

244 1077 343 1125 que
378 1062 675 1111 conciliasse
710 1061 954 1124 videatur,
989 1067 1143 1126 atque
1187 1062 1427 1113 Timaeus
1475 1065 1584 1114 eius
1635 1079 1728 1130 pro
1765 1081 1914 1130 gran-

241 1131 295 1181 di
341 1147 462 1181 sane
511 1138 564 1182 et
610 1133 876 1198 magnifico
921 1133 1148 1183 Graecae
1191 1134 1548 1200 philosophiae
1590 1143 1916 1186 monumento

239 1202 419 1252 haberi
468 1204 666 1252 debeat.
757 1204 902 1267 Quod
960 1206 1092 1270 enim
1151 1205 1391 1266 fuerunt,
1449 1208 1534 1270 qui
1592 1207 1917 1258 fundamenta

241 1275 352 1323 eius
397 1274 528 1324 iacta
578 1279 818 1340 putarent
864 1275 1029 1325 fuisse
1075 1276 1125 1324 in
1182 1291 1245 1324 eo
1285 1278 1562 1340 opusculo,
1597 1278 1732 1343 quod
1766 1280 1916 1344 vulgo

238 1346 442 1394 nomine
490 1346 686 1396 Timaei
747 1345 899 1396 Locri
946 1347 1246 1410 inscriptum
1283 1347 1670 1411 circumfertur,
1707 1365 1770 1399 ea
1801 1352 1917 1415 opi-

237 1417 323 1465 nio
375 1416 559 1467 dudum
617 1418 826 1481 explosa
873 1423 957 1467 est
1002 1434 1033 1467 a
1092 1418 1481 1485 Christoph.
1541 1419 1915 1472 Meinersio

236 1486 567 1555 Philolog.
620 1489 941 1541 Biblioth.
984 1487 1023 1542 1.
1067 1487 1185 1540 Vol.
1234 1495 1358 1542 tom.
1394 1489 1446 1543 5.
1490 1506 1543 1556 p.
1579 1491 1685 1540 204
1720 1507 1832 1558 sqq.
1863 1493 1916 1542 in

236 1557 488 1612 Histor.
546 1561 678 1609 Art.
731 1568 797 1609 et
843 1559 1139 1612 Doctrin.
1188 1560 1498 1613 Graecor.
1546 1562 1609 1615 T.
1647 1562 1686 1615 Ι.
1722 1579 1774 1629 p.
1809 1563 1916 1612 587

238 1645 349 1693 sqq.
445 1631 897 1681 T‘iedemanno
970 1632 1339 1695 Argument.
1404 1631 1704 1698 Dialogg.
1775 1634 1916 1684 Pla-

237 1707 369 1752 ton.
406 1717 455 1766 p.
505 1702 625 1750 302.
664 1706 718 1750 et
751 1703 802 1750 in
841 1716 998 1766 opere
1035 1701 1363 1752 Germanico:
1447 1703 1646 1754 Geist
1683 1703 1732 1754 d.
1768 1722 1912 1770 spe-

238 1772 437 1825 culat.
466 1772 717 1824 Philus.
756 1773 817 1822 Τ.
854 1773 892 1827 l.
940 1788 992 1836 p.
1026 1772 1098 1820 98
1134 1789 1242 1838 sqq.
1316 1774 1763 1826 Tennemanno
1805 1777 1916 1841 Sy-

234 1850 416 1894 stem.
456 1844 860 1910 Plrilosoph.
905 1843 1223 1897 Platonic.
1261 1844 1324 1897 T.
1365 1843 1401 1898 Ι.
1436 1861 1486 1910 p.
1522 1847 1593 1896 93
1630 1861 1758 1910 sqq„
1798 1849 1915 1912 qui-

238 1915 333 1964 bus
370 1921 552 1980 postea
587 1917 784 1965 assensi
820 1921 937 1964 sunt
973 1916 1126 1964 etiam
1161 1917 1307 1981 Aug.
1338 1916 1717 1968 Boeckhius
1740 1916 1913 1968 Com-

235 1992 500 2038 mentat.
538 1987 712 2037 acad.
753 1986 839 2036 De
878 1986 1229 2036 Platonica
1264 1989 1571 2053 corporis
1616 1989 1913 2040 mundani

236 2056 504 2106 fabrica
553 2074 604 2123 p.
650 2056 838 2109 XXlX.
912 2058 1149 2107 Astius
1199 2057 1283 2107 De
1327 2058 1478 2110 Vita
1516 2065 1579 2109 et
1615 2061 1913 2126 Scriptis

235 2125 496 2180 Platon.
534 2145 585 2193 p.
620 2129 742 2179 371.
816 2127 1143 2178 Socherus
1181 2128 1268 2178 De
1315 2129 1610 2195 Scriptis
1660 2131 1912 2187 Platon.

233 2213 289 2265 1».
323 2198 428 2250 :355
464 2215 576 2265 sqq.
646 2199 686 2254 1.
722 2201 763 2255 1.
799 2199 877 2251 de
913 2199 1162 2251 Gelder
1195 2201 1247 2252 iu
1281 2199 1518 2271 Prolegg.
1549 2201 1614 2254 ad
1649 2203 1914 2256 Timaeum

403 2464 655 2505 memoriam
702 2468 966 2522 propagata,
1002 2465 1188 2508 Philolai
1228 2467 1530 2523 Pythagorici,
1573 2468 1645 2520 qui
1694 2469 1911 2518 Archytae

401 2523 487 2562 fuit
518 2523 757 2572 discipulus
799 2524 936 2577 (cic.
981 2527 1043 2565 De
1074 2530 1196 2566 Orat.
1228 2529 1304 2566 ΙΙΙ.
1337 2528 1440 2575 34.),
1471 2530 1561 2566 tres
1593 2527 1728 2566 libros
1757 2539 1782 2564 a
1811 2528 1912 2566 Pla·

339 2588 342 2590 ·
404 2583 511 2619 tone
549 2585 684 2619 enites
725 2594 820 2620 esse
864 2586 1035 2622 centum
1075 2584 1227 2635 minis,
1259 2583 1350 2621 sive
1379 2584 1520 2623 decem
1556 2585 1746 2623 millibus
1775 2585 1913 2622 ‹iena-

399 2638 531 2677 rium.
595 2639 709 2677 Hinc
748 2640 871 2679 Plato
911 2641 1022 2688 apud
1067 2641 1289 2679 Timonem
1320 2641 1629 2691 sillographum
1660 2644 1703 2679 et
1732 2642 1909 2680 Aristo-

397 2706 562 2736 xenum
609 2695 709 2735 ideo
741 2697 852 2735 male
883 2698 1035 2749 audiit,
1070 2699 1179 2746 quod
1206 2698 1385 2737 Philolai
1417 2698 1584 2737 scrinia
1613 2699 1907 2746 compilasset:

398 2751 492 2791 imo
522 2751 653 2790 ctiam
683 2753 903 2793 Timaeum
935 2755 1026 2793 eius
1058 2755 1262 2806 Philolau,
1296 2755 1602 2804 rempublicam
1623 2757 1907 2805 Protagorae,

397 2809 513 2848 alios
554 2810 754 2860 dialogos
786 2811 884 2850 aliis
924 2812 1175 2851 auctoribus
1216 2816 1413 2862 acceptos
1454 2812 1611 2851 referri
1654 2813 1906 2867 calumniati

400 2870 518 2906 sunt.-
559 2877 598 2908 ν.
641 2868 867 2908 Gellius
901 2872 962 2909 N.
1001 2871 1051 2910 A.
1090 2871 1169 2910 111.
1215 2870 1281 2907 17.
1355 2869 1678 2908 Athenaeus
1718 2872 1791 2911 ΧΙ.
1840 2873 1905 2909 15.

399 2922 608 2962 Suidas
648 2924 692 2962 in
733 2936 824 2965 voc.
864 2921 1130 2977 Νουμήνιος.
1193 2926 1470 2966 Eusebius
1501 2928 1705 2975 l’raepar.
1736 2929 1904 2977 Evang.

396 2982 456 3022 X.
486 2982 529 3019 3.
557 2981 614 3019 al.
661 2983 750 3039 ἰείη,
779 2986 919 3022 autem
950 2983 1198 3023 criminatio
1229 2994 1355 3031 quam
1381 2984 1440 3022 sit
1466 2983 1609 3022 inanis
1630 2987 1759 3032 atque
1778 2985 1905 3036 falsa,

397 3038 443 3076 id
483 3048 584 3075 vero
623 3039 750 3077 etiam
791 3041 919 3079 hodie
961 3052 1015 3080 ex
1047 3040 1324 3089 paucissimis
1356 3052 1466 3090 quae
1495 3043 1728 3090 supersunt
1756 3041 1902 3090 operis

396 3093 627 3134 Philolaici
658 3097 918 3145 fragmentis
940 3098 1185 3137 certissime
1213 3109 1476 3147 cognoscere
1506 3102 1546 3136 et
1566 3098 1759 3136 iudicare
1788 3099 1904 3141 licet.

397 3153 562 3196 Nempe
611 3152 877 3199 impudentes
932 3154 1008 3193 isti
1059 3155 1397 3194 calumniatores
1451 3167 1538 3196 non
1587 3155 1904 3195 intellexerunt

396 3207 628 3257 plurimum
661 3214 893 3262 interesse,
932 3214 1071 3251 utrum
1105 3213 1287 3252 aliorum
1320 3212 1564 3252 sententiae
1596 3224 1682 3251 non
1712 3215 1904 3250 mutatae

395 3267 682 3315 repetantur,
730 3267 786 3306 an
837 3268 899 3307 sic.
947 3269 999 3306 ad
1052 3276 1194 3309 usum¹
1226 3273 1509 3317 revocentur,
1557 3274 1608 3309 ut
1643 3270 1825 3308 meliora
1853 3281 1904 3308 ae

397 3322 723 3371 praestantiora
762 3324 861 3363 inde
905 3326 1158 3369 eliciantur.
1225 3327 1352 3371 Quod
1398 3326 1434 3365 si
1474 3329 1545 3377 fit,
1594 3326 1750 3365 accidit
1784 3339 1904 3372 sane,

398 3377 681 3476 :inhonorum
721 3379 904 3423 inventa
950 3384 1037 3425 iam
1074 3384 1184 3438 ipsis
1228 3396 1318 3426 non
1357 3383 1541 3438 ampliu·
1580 3383 1727 3428 deberi
1767 3384 1905 3425 videri

431 3447 453 3477 e
486 3439 601 3477 eant.
