2072 3698
611 172 618 176 ’
682 156 1226 246 rnonuaoMssNA.
1409 210 1457 246 a
1731 192 1802 244 η

118 343 404 408 Utrumque
449 337 619 391 Deus
639 338 893 387 coniunxit
941 335 1195 388 essentiae
1240 333 1469 398 vinculo,
1522 333 1657 402 quod
1688 338 1802 388 tan·

119 431 268 482 quam
304 412 509 464 tertium
545 410 779 476 quiddam
812 407 1043 462 accessit.
1114 409 1218 459 lam
1265 421 1387 457 vero
1424 423 1486 458 ex
1518 408 1602 459 his
1637 409 1806 460 tribus

117 485 394 538 secundum
440 483 665 533 rationes
710 481 1092 531 mathematicas
1139 486 1194 529 et
1226 480 1446 531 musicas
1481 481 1675 531 animae
1709 495 1806 529 na·-

116 564 282 610 turam
318 555 636 620 composuit,
674 553 747 601 ita
779 557 1113 619 temperatam
1147 551 1320 612 illam,
1355 555 1415 599 ut
1448 552 1600 602 vitam
1639 551 1807 616 dege-

114 635 197 679 ret
223 628 563 678 beatissimam
588 628 642 673 et
665 625 886 674 motibus
924 626 1028 674 suis
1058 624 1199 689 quasi
1223 622 1587 674 concinentem.
1657 622 1806 673 Hanc

115 705 284 749 autem
314 699 514 748 animae
549 711 846 760 compagem
882 712 1058 745 rursus
1093 696 1166 744 ita
1201 693 1392 754 divisit,
1436 699 1493 744 ut
1529 693 1640 744 orbi
1674 695 1805 743 fixa-

115 787 228 822 rum
299 770 562 819 stellarum
633 774 786 831 atque
858 769 1062 816 orbibus
1116 766 1431 831 planetarum
1494 760 1807 820 conveniret.

113 842 385 892 Enimvero
432 842 492 889 ab
541 838 732 895 animae
782 838 829 887 vi
880 839 1039 887 totius
1073 853 1242 887 rerum
1280 841 1488 887 naturae
1523 838 1666 903 quasi
1698 838 1803 890 vitu

115 919 171 963 et
205 912 412 978 agitatio
459 911 816 976 proficiscitur.
888 909 1217 974 Quapropter
1263 909 1396 958 coeli
1430 914 1583 974 atque
1619 909 1801 975 plane-

112 991 279 1035 tarum
323 988 490 1033 motus
544 997 606 1030 ex
656 996 717 1030 eo
762 982 878 1046 ipso
928 996 1069 1030 suam
1105 980 1295 1030 habent
1339 981 1612 1046 originem,
1661 979 1801 1046 quod

112 1057 308 1106 animae
341 1054 617 1104 mundanae
653 1067 714 1102 ea
752 1058 833 1101 est
871 1051 1103 1114 indoles,
1137 1057 1195 1101 ut
1229 1055 1372 1101 motu
1408 1052 1676 1102 orbiculari
1710 1067 1799 1102 ae·-

115 1127 328 1177 cundum
365 1125 746 1176 mathematicas
795 1127 849 1173 et
885 1125 1101 1173 musicas
1137 1124 1499 1188 proportiones
1533 1129 1799 1174 moveatur

111 1204 266 1264 atque
300 1199 535 1263 agitetur.
607 1196 682 1246 Et
717 1199 932 1244 motus
970 1195 1225 1260 quidem
1268 1195 1447 1244 or-bis
1497 1195 1799 1258 extremi,

114 1271 256 1320 sive
306 1270 439 1319 coeli
478 1269 689 1317 fixarum
737 1266 1028 1328 stellarum,
1083 1272 1165 1316 est
1212 1267 1663 1330 sempiternus
1698 1271 1798 1317 at·-

113 1341 233 1408 qtle
284 1341 408 1391 sibi
469 1345 807 1400 constans,
849 1337 912 1387 ad
959 1338 1272 1387 occidentem
1318 1353 1495 1387 versus
1543 1338 1799 1404 planeque

110 1412 393 1478 respondet
440 1412 727 1463 ei'animae
774 1411 937 1474 parti,
985 1425 1114 1474 quae
1162 1425 1225 1458 ex
1260 1409 1517 1459 elemento
1543 1410 1799 1461 diviniore

111 1484 328 1534 conflata
365 1487 476 1543 est3
511 1483 932 1547 planetarum
979 1488 1148 1530 autem
1178 1485 1377 1539 motus,
1427 1481 1512 1544 qui
1548 1482 1799 1532 orientem

111 1568 294 1605 versus
341 1555 536 1638 cietur,
585 1552 1017 1601 diversitatis
1034 1558 1136 1622 ⁴et
1169 1552 1530 1601 varietatis
1569 1552 1800 1603 refert

111 1631 403 1676 naturam
438 1625 539 1689 ipsi
574 1620 768 1674 animae
803 1596 1080 1672 mundanae
1110 1621 1286 1671 itidem
1308 1620 1534 1685 inditam,
1569 1628 1628 1673 ut
1664 1623 1800 1673 adeo

108 1699 207 1748 iam
242 1697 583 1762 intelligatur,
634 1711 725 1743 cur
772 1708 989 1758 corpora
1036 1693 1281 1743 mundana
1317 1693 1531 1744 diversis
1563 1694 1801 1745 ferantur

110 1770 349 1819 motibus.
398 1767 562 1817 Haec
596 1767 754 1832 igitur
785 1766 982 1816 animae
1016 1766 1242 1829 indoles,
1285 1764 1413 1815 haec
1457 1765 1620 1833 ipsius
1656 1766 1802 1834 quasi

107 1841 210 1891 vita
245 1845 299 1890 et
333 1839 542 1906 agitatio
579 1844 680 1889 est.

252 1953 378 2004 Cum
413 1954 524 2018 ipsa
545 1956 713 2001 autem
742 1949 814 2000 ita
841 1954 967 2004 *nata
993 1954 1047 2000 et
1081 1947 1302 2000 formata
1325 1950 1583 2002 coniunxit
1617 1950 1804 2003 deinde

110 2023 251 2076 Dens
290 2040 533 2090 corpus
571 2023 982 2072 mundanum:
1034 2037 1134 2087 quo
1168 2022 1310 2072 facto
1346 2023 1432 2072 illa
1468 2040 1497 2072 a
1532 2024 1701 2074 medio
1735 2023 1803 2074 ad

111 2102 391 2147 extremum
449 2095 645 2145 coelum
708 2099 916 2143 extenta
964 2098 1021 2144 et
1071 2094 1121 2143 in
1166 2095 1338 2143 orbem
1388 2096 1703 2146 extrinsecus
1750 2096 1805 2146 ei

108 2168 415 2218 circumfusa
442 2183 609 2232 seque
643 2167 694 2215 in
731 2181 788 2215 se
824 2166 937 2230 ipsa
971 2180 1181 2214 versans
1219 2163 1434 2216 divinum
1471 2164 1669 2216 initium
1705 2165 1803 2217 du-

110 2242 184 2289 xit
219 2241 564 2305 sempiternae
600 2253 658 2287 ac
709 2237 954 2302 sapientis
1000 2237 1132 2285 vitae
1167 2238 1219 2286 in
1255 2238 1540 2287 universum
1577 2243 1803 2304 tempus.

112 2310 210 2362 Est
246 2311 376 2360 enim
416 2325 622 2379 compos
662 2308 799 2358 faeta
835 2309 1135 2372 cognitionis
1161 2324 1330 2357 rerum
1359 2313 1414 2357 et
1437 2324 1802 2374 corporearum

115 2387 172 2431 et
208 2382 597 2447 intelligibilium
636 2380 743 2428 sive
778 2378 1036 2438 idearum,
1085 2380 1316 2443 quoniam
1354 2380 1467 2444 ipsa
1503 2386 1703 2431 constat
1739 2394 1804 2432 ex

115 2453 370 2502 elemento
421 2452 599 2501 sensili
645 2455 798 2515 atque
835 2449 1158 2513 intelligibili.
1229 2449 1274 2499 Ν
1292 2466 1454 2515 eque
1489 2466 1646 2501 vero
1681 2468 1803 2502 ma-

115 2525 350 2574 teriam
398 2528 643 2574 tantum
692 2523 833 2570 sive
867 2520 1281 2582 realitatem,
1327 2525 1399 2570 ut
1446 2523 1538 2571 ita
1573 2523 1804 2586 dicam,

113 2595 332 2646 mundi
397 2592 901 2658 intelligibilis·
944 2595 1010 2643 et
1069 2593 1416 2657 corporati
1476 2595 1802 2660 percipit,

115 2666 231 2717 sed
290 2668 485 2716 etiam
537 2665 703 2714 omni
753 2664 980 2714 virium
1046 2666 1484 2721 contentione
1531 2664 1593 2714 id
1641 2667 1822 2732 agit,-

114 2745 186 2787 ut
237 2739 450 2787 varias
498 2752 720 2788 rerum
767 2735 1073 2785 rationes
1133 2739 1330 2799 atque
1390 2737 1802 2787 coniunctio-

114 2826 226 2859 nes
265 2810 499 2859 sedulo
549 2809 890 2858 discernat
936 2811 1001 2856 et
1037 2806 1403 2872 intelligat.
1478 2808 1554 2857 Ac
1594 2808 1800 2859 sensilis

115 2879 316 2946 quidem
345 2882 503 2946 partis
533 2880 742 2946 agitatio
756 2879 796 2926 si
813 2878 971 2926 libera
995 2883 1078 2927 est
1102 2892 1268 2942 neque
1288 2878 1541 2938 turbatur,
1565 2884 1800 2931 rectae

114 2953 343 3000 oriuntur
380 2954 730 3016 opiniones
769 2953 920 3014 atque
955 2949 1463 3013 persuasiones;
1515 2950 1591 3000 sin
1627 2955 1798 3003 autem

113 3029 283 3073 motus
331 3023 593 3073 nobilioris
643 3022 778 3070 illius
833 3021 993 3084 partis
1039 3023 1183 3069 recte
1229 3019 1492 3085 libereque
1543 3022 1802 3087 procedit,

115 3095 337 3143 nascitur
370 3111 436 3143 ra
449 3095 545 3145 no
583 3097 638 3143 et
674 3090 993 3151 scientia,
1044 3091 1150 3139 sive
1186 3106 1356 3140 rerum
1393 3091 1663 3143 divinarum
1702 3108 1800 3143 co-

114 3164 436 3230 gnitio.1ta
486 3165 643 3231 igitur
691 3162 814 3212 illud
859 3162 1077 3211 universi
1112 3161 1282 3212 mundi
1312 3162 1495 3213 animal
1529 3165 1680 3215 vitam
1714 3165 1798 3216 vi-
1882 3208 1888 3217 ,

114 3251 388 3301 goremque
427 3252 569 3286 suum
606 3236 820 3299 accepit.
893 3233 950 3282 P.
987 3233 1075 3286 34.
1112 3232 1174 3285 C.
1207 3260 1265 3272 —-
1312 3234 1398 3288 ὅ.ὶῖ
1437 3234 1494 3285 C.

251 3334 375 3383 Cum
412 3350 536 3385 vero
570 3335 708 3385 Deus
745 3333 845 3382 hoc
878 3332 1164 3380 intueretur
1209 3338 1529 3384 aeternorum
1582 3334 1794 3387 deorum

18 3388 22 3397 ¹
106 3405 424 3457 simulacrum
458 3408 650 3471 vivum,
698 3419 860 3473 opere
896 3417 989 3453 suo
1023 3403 1138 3470 ipse
1170 3406 1372 3472 gavisus
1409 3411 1491 3460 est
1526 3408 1802 3474 cogitavit-.
