2072 3698
652 203 1240 259 ,TIMAEUS

1709 205 1819 255 2⁰7

75 394 80 413 .
141 349 321 417 ἄλλως
360 371 420 408 τε
463 352 556 407 καὶ
601 346 741 406 διότι
785 351 1266 424 προαπορηθῆναι
1315 344 1671 424 περϊπυρός
1727 352 1821 405 καὶ

143 441 255 494 τῶν
304 431 444 508 μετὰ
498 432 675 506 πυρὸς
720 433 1031 504 ἀναγκαῖον
1084 432 1288 490 τούτου
1336 433 1536 507 χάριν·
1609 429 1822 490 τούτων

143 519 252 598 γὰρ
307 526 477 576 εἰπεῖν
533 524 790 583 ἕκαστον,
843 515 1042 575 ὁποῖον
1093 514 1266 583 ὅντως
1319 515 1465 594 ὕδωρ
1502 513 1610 593 χρὴ
1652 520 1826 589 λέγειν

144 771 244 812 dam
264 765 583 820 receptaculum
610 763 819 815 idearum',
847 763 950 812 qui—

142 831 222 868 bus
247 829 453 876 susceptis
481 826 577 873 ipsa
595 834 764 871 quoque
794 823 840 860 fit
870 823 948 859 de·-

145 888 290 926 finita:
323 885 601 934 declarabunt
630 882 762 928 item,
797 888 948 928 quam-*-

147 946 295 983 obrem
338 955 376 992 p.
424 943 491 980 51.
523 941 574 977 A.
617 939 859 986 appelletur
888 935 948 975 εἶ-

148 994 228 1046 δός
273 1014 319 1039 ’τι
355 994 568 1051 ἆνόρατον
619 993 691 1032 καὶ
729 992 948 1048 ἄμορφον,

143 1054 368 1109 πανδεχές,
398 1046 728 1110 μεταλαμβάνον
764 1051 808 1090 δὲ
837 1046 950 1089 ἀπο-

146 1108 320 1170 peitate}
349 1127 407 1167 πῃ
436 1109 516 1151 τοῦ
537 1106 700 1160 νοητοῦ
719 1106 791 1146 καὶ
822 1106 951 1151 duca-

147 1167 407 1212 λωτότατον.
469 1171 620 1215 Neque
641 1167 785 1204 minus
816 1165 951 1203 intel-

147 1230 326 1279 ligetur,
358 1238 443 1276 quo
478 1228 574 1264 iure
604 1227 712 1262 Ten
734 1233 948 1262 neman-

148 1298 249 1325 nus
290 1287 458 1324 Histor.
501 1282 614 1321 Phil.
666 1283 719 1322 ll.
761 1293 799 1329 p.
849 1280 951 1319 400.

148 1345 372 1383 Platonem
424 1338 687 1378 iudicaverit
726 1338 953 1375 materiam

151 1404 281 1449 atque
321 1398 507 1448 spatium
545 1399 711 1434 temere
746 1396 862 1433 inter
907 1406 954 1431 se

150 1458 483 1509 permutavisse.
557 1452 819 1500 Enimvero,
875 1462 956 1500 ego

128 1516 191 1554 -si
228 1515 334 1563 quid
373 1513 521 1561 video,
571 1511 694 1550 Plato
734 1509 956 1547 infinitum

153 1573 365 1621 quoddam
418 1568 565 1618 posuit
612 1567 820 1606 materiae
857 1577 958 1604 cor-

152 1640 318 1682 poreae
351 1626 640 1676 principium,
693 1623 806 1671 quod
847 1633 958 1660 -cor-

154 1699 310 1736 porum
348 1684 468 1734 quasi
491 1683 768 1721 'substratum
818 1679 958 1726 quod-

154 1746 252 1782 dam
285 1746 411 1791 esset,
435 1740 518 1780 'sed
546 1743 713 1788 tamen,
747 1736 957 1786 quoniam

155 1802 250 1841 sola
298 1801 444 1836 mente
503 1796 827 1845 intelligeretur
877 1804 957 1831 nec

153 1869 288 1908 vero,
326 1855 451 1894 sicuti
494 1867 561 1892 res
601 1854 744 1899 finita,
793 1862 958 1899 cogno—

142 1920 351 1964 sceretur
370 1925 417 1950 ac
440 1910 770 1961 discerneretur,
804 1909 855 1946 ab
886 1919 960 1946 re-

155 1985 251 2011 rum
300 1970 518 2008 finitarum
563 1973 722 2006 natura
772 1965 960 2003 maxime

155 2030 439 2076 discreparet.
507 2027 629 2063 Hanc
678 2025 815 2073 ipsam
855 2033 959 2061 vero

157 2097 391 2135 corporum
422 2083 647 2121 materiam
682 2082 962 2121 Aristote-

157 2145 245 2182 les
283 2143 412 2191 Phys.
454 2143 524 2179 tv.
567 2142 633 2179 12.
665 2139 858 2187 appellat
885 2130 962 2186 τὴν

158 2196 285 2252 ὕλην,
326 2201 591 2245 eandemque
631 2199 722 2234 vult
762 2207 854 2234 esse
894 2197 963 2231 at·-

141 2267 245 2306 ‘que
288 2250 366 2307 τὴν
403 2254 560 2314 χώραν.
619 2254 746 2298 Quod
786 2249 964 2302 plurimi

161 2315 478 2352 intellexerunt
520 2312 604 2358 sic,
648 2323 696 2348 ac
745 2310 779 2348 si
812 2307 964 2356 Stagi-

161 2372 269 2411 rites
312 2369 479 2407 Platoni
520 2367 736 2405 affinxerit
775 2375 966 2404 crassam

165 2429 351 2475 aliquam
391 2437 441 2463 ac
487 2426 687 2462 sensibus
733 2423 971 2460 subiectam

167 2495 398 2532 corporum
420 2482 664 2532 materiam,
695 2481 808 2517 unde
840 2490 972 2517 mun-

169 2544 247 2580 dus
289 2542 355 2582 hic
394 2541 655 2586 corporatus
697 2537 868 2587 genitus
899 2546 972 2573 es—

170 2604 238 2638 set
261 2602 385 2645 atque
416 2600 679 2644 procreatus.
742 2594 867 2638 Quod
898 2604 972 2630 ca·

169 2667 221 2695 ve
252 2653 497 2693 credideris.
558 2655 665 2692 Nam
710 2652 855 2700 sylvae
893 2661 973 2687 vo-

104 2707 109 2711 *
170 2713 393 2762 cabutam,
435 2715 482 2748 ut
514 2722 592 2748 nos
623 2709 853 2758 materiae,
894 2707 972 2744 ille

169 2773 350 2818 propter
391 2768 482 2817 apti
520 2767 706 2806 alicuius
740 2765 858 2803 verbi
891 2776 970 2812 pe-

173 2828 343 2864 nuriam
398 2826 567 2874 posuit,
627 2824 670 2860 in
728 2835 811 2871 quo
872 2821 970 2871 ipso

175 2884 498 2922 consentientes
538 2881 683 2923 habuit
718 2879 971 2928 posterioris

174 2941 329 2979 aetatis
360 2939 654 2989 philosophos,
687 2935 822 2974 veluti
856 2937 975 2973 Plu-

173 2998 345 3038 tarch.
381 2999 442 3034 De
474 2996 647 3035 oracul.
687 2995 782 3031 Def.
812 3006 853 3042 p.
876 2994 971 3030 414.

174 3055 231 3094 E.
282 3055 477 3102 aliosque
523 3051 799 3091 Academicos
846 3052 976 3098 atque

177 3111 367 3150 Stoicos.
437 3113 543 3149 Nam
577 3107 762 3146 dubitari
794 3107 865 3144 vix
898 3118 977 3155 po-

178 3170 283 3219 test,
312 3167 413 3213 quin
447 3166 706 3205 Aristoteles
738 3163 977 3202 intellexe-

180 3225 242 3264 rit
311 3225 567 3272 magistrum
627 3225 771 3260 mente
833 3221 979 3258 infor-

179 3291 319 3320 masse
362 3281 539 3319 idealem
590 3280 805 3326 quandam
843 3280 981 3315 mate-

180 3339 303 3389 riam,
334 3350 441 3384 quae
461 3337 570 3382 ruiliil
591 3337 766 3374 haberet
789 3345 981 3372 commu·

181 3408 237 3434 ne
304 3406 399 3440 cum
469 3394 673 3432 materiae
744 3402 980 3441 corporeae

182 3451 413 3492 crassitate
460 3461 510 3489 ac
552 3450 778 3490 densitate.
842 3451 982 3499 Atque

1023 1065 1183 1102 porum
1209 1055 1448 1096 materiam.

1027 764 1130 805 hinc
1170 765 1359 816 denique,
1385 765 1615 808 diiudicari
1649 765 1832 820 poterit,

1030 826 1130 871 quid
1160 826 1434 881 statuendum
1475 827 1534 865 sit
1565 829 1616 864 de
1647 828 1832 864 contro-

1029 882 1173 920 versia
1222 884 1319 930 illa,
1370 882 1498 932 nimis
1541 883 1612 922 diu
1652 885 1832 934 agitata,

1030 950 1114 987 qua
1170 940 1349 977 multum
1408 944 1473 979 est
1531 941 1834 991 disceptatum,

1033 998 1293 1035 statueritne
1323 997 1444 1035 Plato
1481 1002 1701 1036 aeternam
1735 1010 1835 1044 eor·

1510 1057 1615 1094 Nam
1645 1057 1679 1092 si
1713 1054 1837 1093 ideae

1032 1130 1091 1141 ·—·
1126 1112 1199 1149 sed
1244 1123 1413 1149 manum
1463 1112 1516 1149 de
1553 1114 1714 1160 tabum
1766 1112 1837 1151 vel

1034 1169 1096 1206 sic
1139 1169 1252 1219 enim
1296 1169 1471 1217 longior
1506 1171 1698 1208 fortasse
1727 1169 1834 1208 baec

1034 1227 1274 1272 disputatio
1316 1227 1472 1272 evasit,
1526 1238 1648 1274 quam
1700 1238 1837 1274 expe-

1034 1287 1152 1321 ctent
1187 1284 1246 1331 ii,
1286 1284 1360 1331 qui
1404 1283 1513 1323 talla
1542 1285 1589 1321 in
1617 1295 1839 1321 commen-

1035 1341 1160 1378 tariis
1191 1339 1449 1388 scriptorum
1468 1341 1658 1379 orationi
1691 1341 1842 1379 subie-

1037 1398 1120 1435 ctis
1173 1410 1260 1435 non
1307 1410 1432 1446 posse
1481 1398 1695 1445 explicari
1753 1397 1839 1436 sibi

1038 1459 1366 1503 persuaserunt.
1425 1455 1629 1493 Diximus
1668 1456 1721 1494 de
1760 1457 1841 1494 hac

1037 1523 1087 1550 re
1117 1512 1243 1549 etiam
1272 1512 1317 1549 in
1350 1512 1692 1561 Prolegomenis.

1095 1562 1381 1630 ᾇποδοχὴν
1421 1563 1560 1608 αὐτὸ
1600 1567 1719 1607 οἷον
1760 1583 1842 1608 τι·

1039 1627 1247 1675 θηνην]
1286 1627 1398 1664 Haec
1431 1626 1562 1663 verba
1594 1638 1718 1674 quam
1750 1627 1842 1664 fre-

1025 1684 1226 1730 „quenter
1267 1683 1575 1729 usurpaverint
1622 1684 1842 1731 posterio-

1039 1739 1103 1778 ris
1147 1737 1301 1777 aetatis
1344 1740 1606 1788 philosophi,
1653 1741 1843 1779 maxime

1042 1797 1252 1835 Platonici
1307 1798 1595 1849 recentiores,
1663 1799 1847 1846 copiosa

1039 1854 1233 1892 locorum
1293 1855 1624 1893 enumeratione
1681 1857 1845 1893 docue-

1039 1915 1144 1950 runt
1188 1912 1579 1960 Wyttenbach.
1626 1911 1679 1949 ad
1727 1914 1843 1951 I’lut.

1041 1972 1155 2008 Mor.
1185 1969 1283 2006 Vol.
1322 1970 1396 2010 v1.
1441 1971 1480 2009 1.
1513 1981 1554 2017 p.
1588 1970 1666 2007 661
1700 1981 1762 2018 sq.
1797 1971 1844 2007 et

1043 2028 1358 2076 Greuzerus
1401 2027 1452 2064 a'd
1492 2026 1652 2068 Plotia.
1687 2028 1735 2065 T.
1769 2029 1845 2067 Ill.

1045 2096 1088 2133 p.
1128 2085 1223 2124 182.
1292 2086 1340 2120 ln
1379 2084 1550 2122 brevius
1597 2089 1733 2122 totum
1775 2085 1846 2122 lo-

1044 2153 1141 2179 cum
1184 2141 1408 2179 contraxit
1454 2140 1730 2181 Alcinous
1781 2144 1847 2181 De

1043 2199 1152 2238 Plat.
1183 2199 1339 2247 Dogm.
1373 2210 1408 2238 c.
1440 2200 1482 2239 8.

1103 2255 1152 2294 B.
1239 2249 1451 2294 τούτων
1487 2250 1612 2309 ’γὰρ
1671 2253 1848 2295 εἰπεῖν

1045 2307 1269 2351 *ἕκαστον
1297 2314 1382 2361 -—-]
1415 2311 1670 2351 difficile
1700 2311 1849 2351 enim

1054 2370 1147 2406 est
1188 2368 1252 2405 de
1291 2379 1630 2418 unoquoque
1658 2370 1849 2408 horum

1054 2424 1410 2477 (elementorum)
1443 2427 1655 2477 dicere,
1695 2426 1850 2476 quid-

1054 2493 1185 2519 nam
1243 2492 1372 2523 vere
1439 2493 1674 2531 aquam
1737 2482 1849 2521 dici

1055 2541 1317 2588 oporteat
1399 2541 1585 2588 potius
1667 2553 1689 2589 q
1712 2552 1736 2578 u
1759 2551 1784 2578 a
1806 2551 1851 2579 m

1053 2594 1258 2644 ignem,
1300 2598 1352 2635 et
1393 2599 1651 2646 quidnam
1696 2598 1852 2645 quid-

1054 2653 1133 2692 vis
1192 2653 1591 2704 potiusquam
1652 2657 1854 2693 cuncta

1054 2710 1140 2749 vel
1179 2711 1433 2762 singula,
1477 2713 1557 2752 ita
1595 2713 1651 2750 ut
1694 2713 1852 2749 certa

1056 2767 1362 2816 stabilique
1403 2771 1627 2808 utamur
1667 2767 1854 2806 orati-

1055 2835 1172 2864 one.
1243 2827 1292 2863 ln
1343 2825 1409 2864 liis
1455 2838 1580 2864 nemo
1623 2826 1706 2863 erit
1746 2824 1854 2872 quin

1055 2881 1219 2920 dubitet
1258 2886 1383 2929 atque
1422 2883 1617 2921 incertus
1662 2883 1854 2933 haereat,

1057 2950 1141 2987 qua
1186 2940 1359 2978 ratione
1402 2939 1474 2978 isti
1523 2936 1669 2979 ὁτιοῦν
1716 2950 1854 2987 oppo-

1058 2998 1220 3034 nantur
1252 2997 1347 3033 dein
1380 2999 1508 3035 verba
1539 2994 1710 3034 ἅπαντα
1741 2989 1851 3034 καθ’

1058 3048 1233 3090 ἕκαστόν
1259 3066 1320 3091 τε.
1360 3054 1469 3091 Nam
1494 3055 1756 3102 singulorum
1781 3063 1854 3091 ra-

1058 3109 1120 3148 tio
1134 3110 1458 3159 elementorum,
1470 3107 1675 3158 quainter
1687 3122 1733 3149 se
1749 3122 1858 3148 con-

1060 3167 1325 3217 iungantur,
1357 3168 1441 3206 iam
1462 3169 1728 3217 antegressis
1755 3179 1857 3205 ver-

1061 3222 1126 3260 bis
1147 3223 1386 3271 significata
1404 3227 1484 3263 est.
1543 3225 1720 3264 Accedit
1743 3224 1859 3272 quod

1061 3278 1304 3318 insolenter
1340 3294 1446 3320 sane
1483 3281 1644 3328 dicitur
1685 3277 1859 3320 ἅπαντα

1061 3330 1173 3374 καθ’
1204 3333 1381 3376 ἕκαστόν
1407 3352 1453 3377 τε
1484 3352 1561 3388 pro
1592 3335 1760 3377 ἅπαντα
1789 3333 1861 3375 καὶ
1916 3371 1917 3378 ,

1060 3390 1249 3434 ἵκαστον.
1306 3397 1585 3436 Emendanda
1605 3397 1742 3445 igitur
1761 3405 1860 3431 ver-

1061 3450 1214 3490 borum
1272 3448 1500 3495 distinctio
1572 3458 1652 3495 est.
1736 3451 1860 3491 Tolle
