<?xml version="1.0" encoding="UTF-8"?>
<!DOCTYPE html PUBLIC "-//W3C//DTD XHTML 1.0 Transitional//EN"
    "http://www.w3.org/TR/xhtml1/DTD/xhtml1-transitional.dtd">
<html xmlns="http://www.w3.org/1999/xhtml" xml:lang="en" lang="en">
 <head>
  <title>
</title>
<meta http-equiv="Content-Type" content="text/html;charset=utf-8" />
  <meta name='ocr-system' content='tesseract 3.04.00' />
  <meta name='ocr-capabilities' content='ocr_page ocr_carea ocr_par ocr_line ocrx_word'/>
</head>
<body>
  <div class='ocr_page' id='page_1' title='image "./operaomniarecens07platuoft/operaomniarecens07platuoft_0502.png"; bbox 0 0 2072 3698; ppageno 0'>
   <div class='ocr_carea' id='block_1_1' title="bbox 286 180 1386 237">
    <p class='ocr_par' dir='ltr' id='par_1_1' title="bbox 286 180 1386 237">
     <span class='ocr_line' id='line_1_1' title="bbox 286 180 1386 237; baseline 0.003 -4"><span class='ocrx_word' id='word_1_1' title='bbox 286 180 394 233; x_wconf 75' lang='lat'>492</span> <span class='ocrx_word' id='word_1_2' title='bbox 655 225 658 230; x_wconf 97' lang='lat'>.</span> <span class='ocrx_word' id='word_1_3' title='bbox 865 180 1386 237; x_wconf 71' lang='lat' dir='ltr'>ADDITAMssNTA.</span> 
     </span>
    </p>
   </div>
   <div class='ocr_carea' id='block_1_2' title="bbox 209 321 2033 2243">
    <p class='ocr_par' dir='ltr' id='par_1_2' title="bbox 209 321 2033 1873">
     <span class='ocr_line' id='line_1_2' title="bbox 286 321 2033 390; baseline 0.005 -18"><span class='ocrx_word' id='word_1_4' title='bbox 286 322 484 373; x_wconf 77' lang='lat' dir='ltr'>tellexit</span> <span class='ocrx_word' id='word_1_5' title='bbox 506 321 773 389; x_wconf 77' lang='lat' dir='ltr'>optimus&#39;B</span> <span class='ocrx_word' id='word_1_6' title='bbox 791 322 1040 372; x_wconf 84' lang='lat' dir='ltr'>onitzin</span> <span class='ocrx_word' id='word_1_7' title='bbox 1058 339 1102 384; x_wconf 73' lang='lat' dir='ltr'>s,</span> <span class='ocrx_word' id='word_1_8' title='bbox 1128 322 1257 388; x_wconf 86' lang='lat' dir='ltr'>quod</span> <span class='ocrx_word' id='word_1_9' title='bbox 1285 327 1428 373; x_wconf 87' lang='lat' dir='ltr'>certe</span> <span class='ocrx_word' id='word_1_10' title='bbox 1456 325 1627 390; x_wconf 82' lang='lat' dir='ltr'>negari</span> <span class='ocrx_word' id='word_1_11' title='bbox 1649 325 1791 378; x_wconf 81' lang='lat' dir='ltr'>nullo</span> <span class='ocrx_word' id='word_1_12' title='bbox 1810 329 1962 380; x_wconf 83' lang='lat' dir='ltr'>modo</span> <span class='ocrx_word' id='word_1_13' title='bbox 2032 344 2033 347; x_wconf 74' lang='grc'>’</span> 
     </span>
     <span class='ocr_line' id='line_1_3' title="bbox 284 394 1962 464; baseline 0.004 -22"><span class='ocrx_word' id='word_1_14' title='bbox 284 399 486 461; x_wconf 78' lang='lat' dir='ltr'>potest,</span> <span class='ocrx_word' id='word_1_15' title='bbox 520 396 656 444; x_wconf 83' lang='lat' dir='ltr'><strong>ideas</strong></span> <span class='ocrx_word' id='word_1_16' title='bbox 695 394 967 443; x_wconf 81' lang='lat' dir='ltr'>secundum</span> <span class='ocrx_word' id='word_1_17' title='bbox 1001 394 1262 444; x_wconf 83' lang='lat' dir='ltr'>Platonem</span> <span class='ocrx_word' id='word_1_18' title='bbox 1301 396 1423 444; x_wconf 86' lang='lat' dir='ltr'>nihil</span> <span class='ocrx_word' id='word_1_19' title='bbox 1461 411 1577 453; x_wconf 86' lang='lat' dir='ltr'>esse</span> <span class='ocrx_word' id='word_1_20' title='bbox 1629 398 1779 460; x_wconf 80' lang='lat' dir='ltr'>aliud,</span> <span class='ocrx_word' id='word_1_21' title='bbox 1814 416 1962 464; x_wconf 83' lang='lat' dir='ltr'>quam</span> 
     </span>
     <span class='ocr_line' id='line_1_4' title="bbox 285 464 1963 534; baseline 0.003 -19"><span class='ocrx_word' id='word_1_22' title='bbox 285 471 513 515; x_wconf 57' lang='lat' dir='ltr'>aeternus</span> <span class='ocrx_word' id='word_1_23' title='bbox 543 466 756 514; x_wconf 85' lang='lat' dir='ltr'>numinis</span> <span class='ocrx_word' id='word_1_24' title='bbox 794 464 943 513; x_wconf 81' lang='lat' dir='ltr'>divini</span> <span class='ocrx_word' id='word_1_25' title='bbox 983 467 1342 530; x_wconf 78' lang='lat' dir='ltr'>cogitationes,</span> <span class='ocrx_word' id='word_1_26' title='bbox 1377 468 1429 516; x_wconf 86' lang='lat' dir='ltr'>in</span> <span class='ocrx_word' id='word_1_27' title='bbox 1466 470 1642 532; x_wconf 86' lang='lat' dir='ltr'>quibus</span> <span class='ocrx_word' id='word_1_28' title='bbox 1679 471 1805 534; x_wconf 73' lang='lat' dir='ltr'>ipsis</span> <span class='ocrx_word' id='word_1_29' title='bbox 1841 488 1963 521; x_wconf 80' lang='lat' dir='ltr'>vera</span> 
     </span>
     <span class='ocr_line' id='line_1_5' title="bbox 282 537 1960 599; baseline 0.004 -13"><span class='ocrx_word' id='word_1_30' title='bbox 282 537 418 587; x_wconf 85' lang='lat' dir='ltr'>inest</span> <span class='ocrx_word' id='word_1_31' title='bbox 453 538 669 586; x_wconf 82' lang='lat' dir='ltr'>essentia</span> <span class='ocrx_word' id='word_1_32' title='bbox 705 541 757 584; x_wconf 86' lang='lat' dir='ltr'>et</span> <span class='ocrx_word' id='word_1_33' title='bbox 794 552 999 599; x_wconf 86' lang='lat' dir='ltr'>quarum</span> <span class='ocrx_word' id='word_1_34' title='bbox 1038 537 1300 586; x_wconf 81' lang='lat' dir='ltr'>simulacra</span> <span class='ocrx_word' id='word_1_35' title='bbox 1333 538 1382 585; x_wconf 88' lang='lat' dir='ltr'>in</span> <span class='ocrx_word' id='word_1_36' title='bbox 1408 539 1559 590; x_wconf 85' lang='lat' dir='ltr'>rebus</span> <span class='ocrx_word' id='word_1_37' title='bbox 1581 541 1675 589; x_wconf 87' lang='lat' dir='ltr'>sub</span> <span class='ocrx_word' id='word_1_38' title='bbox 1701 542 1960 593; x_wconf 82' lang='lat' dir='ltr'>oculorum</span> 
     </span>
     <span class='ocr_line' id='line_1_6' title="bbox 283 608 1958 673; baseline 0.004 -17"><span class='ocrx_word' id='word_1_39' title='bbox 283 614 610 672; x_wconf 80' lang='lat' dir='ltr'>conspectum</span> <span class='ocrx_word' id='word_1_40' title='bbox 663 608 903 656; x_wconf 82' lang='lat' dir='ltr'>subiectis</span> <span class='ocrx_word' id='word_1_41' title='bbox 963 623 1199 672; x_wconf 78' lang='lat' dir='ltr'>expressa</span> <span class='ocrx_word' id='word_1_42' title='bbox 1249 615 1532 662; x_wconf 83' lang='lat' dir='ltr'>cernuntur.</span> <span class='ocrx_word' id='word_1_43' title='bbox 1617 612 1761 673; x_wconf 70' lang='lat' dir='ltr'>Quod</span> <span class='ocrx_word' id='word_1_44' title='bbox 1799 614 1840 661; x_wconf 90' lang='lat' dir='ltr'>si</span> <span class='ocrx_word' id='word_1_45' title='bbox 1875 619 1958 662; x_wconf 87' lang='lat' dir='ltr'>te-</span> 
     </span>
     <span class='ocr_line' id='line_1_7' title="bbox 282 678 1958 745; baseline 0.002 -15"><span class='ocrx_word' id='word_1_46' title='bbox 282 681 503 739; x_wconf 75' lang='lat' dir='ltr'>nuisset,</span> <span class='ocrx_word' id='word_1_47' title='bbox 547 683 689 726; x_wconf 85' lang='lat' dir='ltr'>certe</span> <span class='ocrx_word' id='word_1_48' title='bbox 735 679 831 727; x_wconf 87' lang='lat' dir='ltr'>sibi</span> <span class='ocrx_word' id='word_1_49' title='bbox 880 678 941 726; x_wconf 86' lang='lat' dir='ltr'>ab</span> <span class='ocrx_word' id='word_1_50' title='bbox 982 693 1053 726; x_wconf 85' lang='lat' dir='ltr'>eo</span> <span class='ocrx_word' id='word_1_51' title='bbox 1103 694 1279 728; x_wconf 79' lang='lat' dir='ltr'>errore</span> <span class='ocrx_word' id='word_1_52' title='bbox 1317 681 1562 742; x_wconf 74' lang='lat' dir='ltr'>cavisset,</span> <span class='ocrx_word' id='word_1_53' title='bbox 1609 699 1757 745; x_wconf 77' lang='lat' dir='ltr'>quem</span> <span class='ocrx_word' id='word_1_54' title='bbox 1795 685 1856 731; x_wconf 88' lang='lat' dir='ltr'>ab</span> <span class='ocrx_word' id='word_1_55' title='bbox 1894 699 1958 734; x_wconf 86' lang='lat' dir='ltr'>eo</span> 
     </span>
     <span class='ocr_line' id='line_1_8' title="bbox 280 747 1963 815; baseline 0.004 -15"><span class='ocrx_word' id='word_1_56' title='bbox 280 758 382 800; x_wconf 84' lang='lat' dir='ltr'>tam</span> <span class='ocrx_word' id='word_1_57' title='bbox 434 749 660 799; x_wconf 81' lang='lat' dir='ltr'><strong>studiose</strong></span> <span class='ocrx_word' id='word_1_58' title='bbox 706 747 972 798; x_wconf 84' lang='lat' dir='ltr'>defensum</span> <span class='ocrx_word' id='word_1_59' title='bbox 1022 765 1139 798; x_wconf 84' lang='lat' dir='ltr'>esse</span> <span class='ocrx_word' id='word_1_60' title='bbox 1187 766 1346 815; x_wconf 85' lang='lat' dir='ltr'>paene</span> <span class='ocrx_word' id='word_1_61' title='bbox 1392 751 1634 804; x_wconf 79' lang='lat' dir='ltr'>dolemus.</span> <span class='ocrx_word' id='word_1_62' title='bbox 1716 756 1840 803; x_wconf 70' lang='lat' dir='ltr'>Nam</span> <span class='ocrx_word' id='word_1_63' title='bbox 1890 757 1963 806; x_wconf 76' lang='lat' dir='ltr'>ita</span> 
     </span>
     <span class='ocr_line' id='line_1_9' title="bbox 282 821 1961 886; baseline 0.003 -16"><span class='ocrx_word' id='word_1_64' title='bbox 282 827 425 870; x_wconf 85' lang='lat' dir='ltr'>certe</span> <span class='ocrx_word' id='word_1_65' title='bbox 460 821 586 870; x_wconf 88' lang='lat' dir='ltr'>illud</span> <span class='ocrx_word' id='word_1_66' title='bbox 619 822 942 886; x_wconf 87' lang='lat' dir='ltr'>perspicuum</span> <span class='ocrx_word' id='word_1_67' title='bbox 979 837 1096 869; x_wconf 88' lang='lat' dir='ltr'>esse</span> <span class='ocrx_word' id='word_1_68' title='bbox 1133 821 1285 871; x_wconf 87' lang='lat' dir='ltr'>debet</span> <span class='ocrx_word' id='word_1_69' title='bbox 1323 823 1569 884; x_wconf 83' lang='lat' dir='ltr'>omnibus,</span> <span class='ocrx_word' id='word_1_70' title='bbox 1607 824 1781 886; x_wconf 79' lang='lat' dir='ltr'>Deum,</span> <span class='ocrx_word' id='word_1_71' title='bbox 1817 827 1961 875; x_wconf 80' lang='lat' dir='ltr'>idea-</span> 
     </span>
     <span class='ocr_line' id='line_1_10' title="bbox 278 892 1960 959; baseline 0.003 -16"><span class='ocrx_word' id='word_1_72' title='bbox 278 910 390 943; x_wconf 86' lang='lat' dir='ltr'>rum</span> <span class='ocrx_word' id='word_1_73' title='bbox 437 897 726 952; x_wconf 79' lang='lat' dir='ltr'>auctorem,</span> <span class='ocrx_word' id='word_1_74' title='bbox 774 907 874 941; x_wconf 86' lang='lat' dir='ltr'>non</span> <span class='ocrx_word' id='word_1_75' title='bbox 919 892 1144 941; x_wconf 60' lang='lat' dir='ltr'>eundem&gt;</span> <span class='ocrx_word' id='word_1_76' title='bbox 1178 909 1294 942; x_wconf 87' lang='lat' dir='ltr'>esse</span> <span class='ocrx_word' id='word_1_77' title='bbox 1343 908 1498 958; x_wconf 80' lang='lat' dir='ltr'>posse</span> <span class='ocrx_word' id='word_1_78' title='bbox 1557 898 1711 959; x_wconf 76' lang='lat' dir='ltr'>ipsam</span> <span class='ocrx_word' id='word_1_79' title='bbox 1775 898 1960 959; x_wconf 81' lang='lat' dir='ltr'>ideam,</span> 
     </span>
     <span class='ocr_line' id='line_1_11' title="bbox 280 963 1960 1032; baseline 0.002 -18"><span class='ocrx_word' id='word_1_80' title='bbox 280 965 377 1014; x_wconf 81' lang='lat' dir='ltr'>nisi</span> <span class='ocrx_word' id='word_1_81' title='bbox 411 964 550 1012; x_wconf 62' lang='lat' dir='ltr'>soree</span> <span class='ocrx_word' id='word_1_82' title='bbox 587 963 845 1012; x_wconf 76' lang='lat' dir='ltr'>Platonem</span> <span class='ocrx_word' id='word_1_83' title='bbox 891 965 1229 1028; x_wconf 78' lang='lat' dir='ltr'>putaverimus</span> <span class='ocrx_word' id='word_1_84' title='bbox 1269 965 1319 1013; x_wconf 87' lang='lat' dir='ltr'>in</span> <span class='ocrx_word' id='word_1_85' title='bbox 1356 981 1462 1013; x_wconf 69' lang='lat' dir='ltr'>eum</span> <span class='ocrx_word' id='word_1_86' title='bbox 1501 967 1960 1032; x_wconf 69' lang='lat' dir='ltr'>montisperversi-</span> 
     </span>
     <span class='ocr_line' id='line_1_12' title="bbox 278 1030 1962 1100; baseline 0.004 -16"><span class='ocrx_word' id='word_1_87' title='bbox 278 1041 433 1085; x_wconf 79' lang='lat' dir='ltr'>tatem</span> <span class='ocrx_word' id='word_1_88' title='bbox 470 1035 729 1100; x_wconf 61' lang='lat' dir='ltr'>delapsum</span> <span class='ocrx_word' id='word_1_89' title='bbox 767 1049 912 1095; x_wconf 72' lang='lat' dir='ltr'>csse,</span> <span class='ocrx_word' id='word_1_90' title='bbox 946 1039 1003 1083; x_wconf 84' lang='lat' dir='ltr'>ut</span> <span class='ocrx_word' id='word_1_91' title='bbox 1039 1050 1237 1085; x_wconf 84' lang='lat' dir='ltr'>causam</span> <span class='ocrx_word' id='word_1_92' title='bbox 1285 1030 1396 1085; x_wconf 79' lang='lat' dir='ltr'>cum</span> <span class='ocrx_word' id='word_1_93' title='bbox 1449 1037 1655 1097; x_wconf 84' lang='lat' dir='ltr'>effectu,</span> <span class='ocrx_word' id='word_1_94' title='bbox 1703 1045 1962 1090; x_wconf 81' lang='lat' dir='ltr'><strong>auctorem</strong></span> 
     </span>
     <span class='ocr_line' id='line_1_13' title="bbox 227 1105 1959 1170; baseline 0.001 -12"><span class='ocrx_word' id='word_1_95' title='bbox 227 1167 231 1169; x_wconf 82' lang='lat'>.</span> <span class='ocrx_word' id='word_1_96' title='bbox 282 1124 392 1158; x_wconf 83' lang='lat' dir='ltr'>enm</span> <span class='ocrx_word' id='word_1_97' title='bbox 429 1108 580 1155; x_wconf 83' lang='lat' dir='ltr'>rebus</span> <span class='ocrx_word' id='word_1_98' title='bbox 619 1107 680 1154; x_wconf 84' lang='lat' dir='ltr'>ab</span> <span class='ocrx_word' id='word_1_99' title='bbox 719 1121 783 1154; x_wconf 90' lang='lat' dir='ltr'>eo</span> <span class='ocrx_word' id='word_1_100' title='bbox 818 1105 1098 1170; x_wconf 75' lang='lat' dir='ltr'>profectiS‚</span> <span class='ocrx_word' id='word_1_101' title='bbox 1134 1111 1333 1156; x_wconf 88' lang='lat' dir='ltr'>temere</span> <span class='ocrx_word' id='word_1_102' title='bbox 1369 1109 1673 1161; x_wconf 75' lang='lat' dir='ltr'>confuderit.</span> <span class='ocrx_word' id='word_1_103' title='bbox 1745 1109 1844 1160; x_wconf 88' lang='lat' dir='ltr'>Sed</span> <span class='ocrx_word' id='word_1_104' title='bbox 1883 1113 1959 1159; x_wconf 88' lang='lat' dir='ltr'>ni-</span> 
     </span>
     <span class='ocr_line' id='line_1_14' title="bbox 209 1175 1959 1244; baseline 0.002 -15"><span class='ocrx_word' id='word_1_105' title='bbox 209 1185 212 1190; x_wconf 84' lang='lat'>&#39;</span> <span class='ocrx_word' id='word_1_106' title='bbox 281 1181 461 1229; x_wconf 81' lang='lat' dir='ltr'>mirum</span> <span class='ocrx_word' id='word_1_107' title='bbox 510 1192 594 1227; x_wconf 83' lang='lat' dir='ltr'>res</span> <span class='ocrx_word' id='word_1_108' title='bbox 639 1179 710 1225; x_wconf 86' lang='lat' dir='ltr'>ita</span> <span class='ocrx_word' id='word_1_109' title='bbox 751 1175 807 1226; x_wconf 90' lang='lat' dir='ltr'>se</span> <span class='ocrx_word' id='word_1_110' title='bbox 854 1176 1034 1238; x_wconf 80' lang='lat' dir='ltr'>habet,</span> <span class='ocrx_word' id='word_1_111' title='bbox 1079 1182 1137 1227; x_wconf 88' lang='lat' dir='ltr'>ut</span> <span class='ocrx_word' id='word_1_112' title='bbox 1186 1193 1278 1227; x_wconf 83' lang='lat' dir='ltr'>nos</span> <span class='ocrx_word' id='word_1_113' title='bbox 1325 1179 1376 1227; x_wconf 88' lang='lat' dir='ltr'>in</span> <span class='ocrx_word' id='word_1_114' title='bbox 1413 1179 1750 1244; x_wconf 84' lang='lat' dir='ltr'>disputatione</span> <span class='ocrx_word' id='word_1_115' title='bbox 1782 1188 1959 1232; x_wconf 81' lang='lat' dir='ltr'>nostra</span> 
     </span>
     <span class='ocr_line' id='line_1_15' title="bbox 281 1247 1959 1319; baseline 0.001 -19"><span class='ocrx_word' id='word_1_116' title='bbox 281 1250 684 1316; x_wconf 68' lang='lat' dir='ltr'>significaximus.</span> <span class='ocrx_word' id='word_1_117' title='bbox 771 1247 888 1312; x_wconf 86' lang='lat' dir='ltr'>lpse</span> <span class='ocrx_word' id='word_1_118' title='bbox 933 1250 1063 1298; x_wconf 87' lang='lat' dir='ltr'>enim</span> <span class='ocrx_word' id='word_1_119' title='bbox 1111 1249 1283 1311; x_wconf 77' lang='lat' dir='ltr'>Deus,</span> <span class='ocrx_word' id='word_1_120' title='bbox 1328 1251 1515 1315; x_wconf 84' lang='lat' dir='ltr'>quippe</span> <span class='ocrx_word' id='word_1_121' title='bbox 1564 1268 1744 1301; x_wconf 85' lang='lat' dir='ltr'>numen</span> <span class='ocrx_word' id='word_1_122' title='bbox 1782 1253 1959 1319; x_wconf 80' lang='lat' dir='ltr'>perfe-</span> 
     </span>
     <span class='ocr_line' id='line_1_16' title="bbox 281 1318 1960 1383; baseline 0.001 -11"><span class='ocrx_word' id='word_1_123' title='bbox 281 1323 597 1379; x_wconf 67' lang='lat' dir='ltr'>ctissimum,</span> <span class='ocrx_word' id='word_1_124' title='bbox 627 1318 772 1368; x_wconf 84' lang='lat' dir='ltr'>ideae</span> <span class='ocrx_word' id='word_1_125' title='bbox 807 1319 965 1381; x_wconf 78' lang='lat' dir='ltr'>Boni,</span> <span class='ocrx_word' id='word_1_126' title='bbox 998 1321 1098 1370; x_wconf 83' lang='lat' dir='ltr'>hoc</span> <span class='ocrx_word' id='word_1_127' title='bbox 1131 1326 1239 1383; x_wconf 79' lang='lat' dir='ltr'>est,</span> <span class='ocrx_word' id='word_1_128' title='bbox 1275 1337 1498 1371; x_wconf 83' lang='lat' dir='ltr'>summae</span> <span class='ocrx_word' id='word_1_129' title='bbox 1535 1323 1864 1373; x_wconf 66' lang='lat' dir='ltr'><strong>absolutionis</strong></span> <span class='ocrx_word' id='word_1_130' title='bbox 1900 1339 1960 1374; x_wconf 81' lang='lat' dir='ltr'>ac</span> 
     </span>
     <span class='ocr_line' id='line_1_17' title="bbox 281 1392 1958 1464; baseline 0.001 -21"><span class='ocrx_word' id='word_1_131' title='bbox 281 1393 644 1464; x_wconf 76' lang='lat' dir='ltr'>perfectionis,</span> <span class='ocrx_word' id='word_1_132' title='bbox 692 1393 832 1455; x_wconf 84' lang='lat' dir='ltr'>quasi</span> <span class='ocrx_word' id='word_1_133' title='bbox 883 1392 1140 1457; x_wconf 83' lang='lat' dir='ltr'>exemplar</span> <span class='ocrx_word' id='word_1_134' title='bbox 1183 1397 1290 1442; x_wconf 86' lang='lat' dir='ltr'>est.</span> <span class='ocrx_word' id='word_1_135' title='bbox 1328 1395 1551 1442; x_wconf 74' lang='lat' dir='ltr'>cernitux</span> <span class='ocrx_word' id='word_1_136' title='bbox 1591 1397 1721 1443; x_wconf 87' lang='lat' dir='ltr'>enim</span> <span class='ocrx_word' id='word_1_137' title='bbox 1759 1397 1958 1462; x_wconf 76' lang='lat' dir='ltr'>inipso</span> 
     </span>
     <span class='ocr_line' id='line_1_18' title="bbox 278 1463 1962 1528; baseline 0.001 -12"><span class='ocrx_word' id='word_1_138' title='bbox 278 1465 478 1528; x_wconf 78' lang='lat' dir='ltr'>species</span> <span class='ocrx_word' id='word_1_139' title='bbox 515 1478 739 1512; x_wconf 84' lang='lat' dir='ltr'>summae</span> <span class='ocrx_word' id='word_1_140' title='bbox 775 1463 1045 1525; x_wconf 57' lang='lat' dir='ltr'>bonitum,</span> <span class='ocrx_word' id='word_1_141' title='bbox 1090 1469 1148 1513; x_wconf 86' lang='lat' dir='ltr'>ut</span> <span class='ocrx_word' id='word_1_142' title='bbox 1193 1464 1319 1514; x_wconf 86' lang='lat' dir='ltr'>adeo</span> <span class='ocrx_word' id='word_1_143' title='bbox 1366 1465 1500 1514; x_wconf 80' lang='lat' dir='ltr'>inam</span> <span class='ocrx_word' id='word_1_144' title='bbox 1547 1466 1750 1517; x_wconf 87' lang='lat' dir='ltr'>intuens</span> <span class='ocrx_word' id='word_1_145' title='bbox 1797 1472 1962 1517; x_wconf 83' lang='lat' dir='ltr'>semet</span> 
     </span>
     <span class='ocr_line' id='line_1_19' title="bbox 274 1536 1957 1603; baseline 0.001 -16"><span class='ocrx_word' id='word_1_146' title='bbox 274 1540 440 1603; x_wconf 86' lang='lat' dir='ltr'>ipsum</span> <span class='ocrx_word' id='word_1_147' title='bbox 479 1537 669 1599; x_wconf 76' lang='lat' dir='ltr'><strong>cogitet</strong></span> <span class='ocrx_word' id='word_1_148' title='bbox 705 1540 758 1583; x_wconf 84' lang='lat' dir='ltr'>et</span> <span class='ocrx_word' id='word_1_149' title='bbox 787 1536 1055 1584; x_wconf 83' lang='lat' dir='ltr'>intueatur.</span> <span class='ocrx_word' id='word_1_150' title='bbox 1128 1536 1272 1598; x_wconf 77' lang='lat' dir='ltr'>Quod</span> <span class='ocrx_word' id='word_1_151' title='bbox 1310 1538 1408 1586; x_wconf 84' lang='lat' dir='ltr'>etsi</span> <span class='ocrx_word' id='word_1_152' title='bbox 1446 1537 1662 1602; x_wconf 84' lang='lat' dir='ltr'>denique</span> <span class='ocrx_word' id='word_1_153' title='bbox 1705 1553 1767 1588; x_wconf 89' lang='lat' dir='ltr'>eo</span> <span class='ocrx_word' id='word_1_154' title='bbox 1801 1540 1957 1600; x_wconf 85' lang='lat' dir='ltr'>redit,</span> 
     </span>
     <span class='ocr_line' id='line_1_20' title="bbox 275 1606 1959 1672; baseline 0.001 -14"><span class='ocrx_word' id='word_1_155' title='bbox 275 1616 337 1659; x_wconf 85' lang='lat' dir='ltr'>ut</span> <span class='ocrx_word' id='word_1_156' title='bbox 381 1607 543 1658; x_wconf 78' lang='lat' dir='ltr'>ideam</span> <span class='ocrx_word' id='word_1_157' title='bbox 580 1606 707 1655; x_wconf 85' lang='lat' dir='ltr'>Boni</span> <span class='ocrx_word' id='word_1_158' title='bbox 741 1606 790 1655; x_wconf 87' lang='lat' dir='ltr'>in</span> <span class='ocrx_word' id='word_1_159' title='bbox 830 1607 940 1671; x_wconf 89' lang='lat' dir='ltr'>ipso</span> <span class='ocrx_word' id='word_1_160' title='bbox 977 1606 1086 1656; x_wconf 86' lang='lat' dir='ltr'>Deo</span> <span class='ocrx_word' id='word_1_161' title='bbox 1121 1607 1288 1672; x_wconf 73' lang='lat' dir='ltr'>inesse</span> <span class='ocrx_word' id='word_1_162' title='bbox 1327 1607 1591 1658; x_wconf 86' lang='lat' dir='ltr'>dicendum</span> <span class='ocrx_word' id='word_1_163' title='bbox 1627 1611 1722 1670; x_wconf 80' lang='lat' dir='ltr'>sit,</span> <span class='ocrx_word' id='word_1_164' title='bbox 1766 1614 1959 1659; x_wconf 75' lang='lat' dir='ltr'>tantam</span> 
     </span>
     <span class='ocr_line' id='line_1_21' title="bbox 276 1677 1962 1730; baseline 0 -1"><span class='ocrx_word' id='word_1_165' title='bbox 276 1687 446 1729; x_wconf 83' lang='lat' dir='ltr'>tamen</span> <span class='ocrx_word' id='word_1_166' title='bbox 480 1680 642 1728; x_wconf 85' lang='lat' dir='ltr'>abest.</span> <span class='ocrx_word' id='word_1_167' title='bbox 678 1688 734 1726; x_wconf 85' lang='lat' dir='ltr'>ut</span> <span class='ocrx_word' id='word_1_168' title='bbox 773 1677 934 1727; x_wconf 85' lang='lat' dir='ltr'>Deum</span> <span class='ocrx_word' id='word_1_169' title='bbox 971 1694 1082 1730; x_wconf 86' lang='lat' dir='ltr'>cum</span> <span class='ocrx_word' id='word_1_170' title='bbox 1117 1678 1424 1728; x_wconf 84' lang='lat' dir='ltr'>Bonitzio</span> <span class='ocrx_word' id='word_1_171' title='bbox 1468 1681 1520 1729; x_wconf 89' lang='lat' dir='ltr'>in</span> <span class='ocrx_word' id='word_1_172' title='bbox 1552 1679 1715 1730; x_wconf 78' lang='lat' dir='ltr'>ideam</span> <span class='ocrx_word' id='word_1_173' title='bbox 1755 1696 1962 1730; x_wconf 80' lang='lat' dir='ltr'>conver-</span> 
     </span>
     <span class='ocr_line' id='line_1_22' title="bbox 277 1748 2022 1819; baseline 0.002 -20"><span class='ocrx_word' id='word_1_174' title='bbox 277 1757 394 1805; x_wconf 78' lang='lat' dir='ltr'>tere</span> <span class='ocrx_word' id='word_1_175' title='bbox 431 1750 600 1809; x_wconf 78' lang='lat' dir='ltr'>liceat,</span> <span class='ocrx_word' id='word_1_176' title='bbox 637 1755 694 1798; x_wconf 85' lang='lat' dir='ltr'>ut</span> <span class='ocrx_word' id='word_1_177' title='bbox 727 1748 776 1796; x_wconf 88' lang='lat' dir='ltr'>id</span> <span class='ocrx_word' id='word_1_178' title='bbox 813 1765 841 1797; x_wconf 82' lang='lat' dir='ltr'>a</span> <span class='ocrx_word' id='word_1_179' title='bbox 878 1754 1047 1798; x_wconf 88' lang='lat' dir='ltr'>mente</span> <span class='ocrx_word' id='word_1_180' title='bbox 1083 1754 1138 1799; x_wconf 89' lang='lat' dir='ltr'>et</span> <span class='ocrx_word' id='word_1_181' title='bbox 1167 1753 1418 1814; x_wconf 67' lang='lat' dir='ltr'>sententia</span> <span class='ocrx_word' id='word_1_182' title='bbox 1438 1749 1664 1802; x_wconf 84' lang='lat' dir='ltr'>Platonis</span> <span class='ocrx_word' id='word_1_183' title='bbox 1689 1752 1961 1819; x_wconf 87' lang='lat' dir='ltr'>plurimum</span> <span class='ocrx_word' id='word_1_184' title='bbox 2019 1786 2022 1788; x_wconf 93' lang='lat'>-</span> 
     </span>
     <span class='ocr_line' id='line_1_23' title="bbox 279 1819 1104 1873; baseline -0.005 0"><span class='ocrx_word' id='word_1_185' title='bbox 279 1822 559 1873; x_wconf 79' lang='lat' dir='ltr'>abhorrere</span> <span class='ocrx_word' id='word_1_186' title='bbox 596 1819 976 1869; x_wconf 84' lang='lat' dir='ltr'>existimandum</span> <span class='ocrx_word' id='word_1_187' title='bbox 1021 1822 1104 1872; x_wconf 83' lang='lat' dir='ltr'>sit.</span> 
     </span>
    </p>

    <p class='ocr_par' dir='ltr' id='par_1_3' title="bbox 278 1891 1961 2243">
     <span class='ocr_line' id='line_1_24' title="bbox 421 1891 1961 1958; baseline 0.001 -16.013"><span class='ocrx_word' id='word_1_188' title='bbox 421 1893 714 1942; x_wconf 83' lang='lat' dir='ltr'>&#39;lransimus</span> <span class='ocrx_word' id='word_1_189' title='bbox 749 1892 813 1940; x_wconf 88' lang='lat' dir='ltr'>ad</span> <span class='ocrx_word' id='word_1_190' title='bbox 846 1891 1053 1941; x_wconf 86' lang='lat' dir='ltr'>alteram</span> <span class='ocrx_word' id='word_1_191' title='bbox 1089 1891 1182 1940; x_wconf 80' lang='lat' dir='ltr'>viri</span> <span class='ocrx_word' id='word_1_192' title='bbox 1207 1892 1344 1941; x_wconf 87' lang='lat' dir='ltr'>docti</span> <span class='ocrx_word' id='word_1_193' title='bbox 1368 1892 1776 1958; x_wconf 56' lang='lat' dir='ltr'>disputatfimem</span> <span class='ocrx_word' id='word_1_194' title='bbox 1814 1909 1961 1958; x_wconf 84' lang='lat' dir='ltr'>quam</span> 
     </span>
     <span class='ocr_line' id='line_1_25' title="bbox 279 1962 1959 2030; baseline -0.001 -15"><span class='ocrx_word' id='word_1_195' title='bbox 279 1965 398 2016; x_wconf 85' lang='lat' dir='ltr'>inde</span> <span class='ocrx_word' id='word_1_196' title='bbox 451 1981 479 2013; x_wconf 87' lang='lat' dir='ltr'>a</span> <span class='ocrx_word' id='word_1_197' title='bbox 525 1981 574 2030; x_wconf 89' lang='lat' dir='ltr'>p.</span> <span class='ocrx_word' id='word_1_198' title='bbox 625 1964 712 2014; x_wconf 64' lang='lat'>47.</span> <span class='ocrx_word' id='word_1_199' title='bbox 759 1979 918 2026; x_wconf 81' lang='lat' dir='ltr'>usque</span> <span class='ocrx_word' id='word_1_200' title='bbox 964 1963 1041 2011; x_wconf 89' lang='lat' dir='ltr'>ad.</span> <span class='ocrx_word' id='word_1_201' title='bbox 1090 1980 1168 2028; x_wconf 86' lang='lat' dir='ltr'>p.</span> <span class='ocrx_word' id='word_1_202' title='bbox 1165 1962 1273 2011; x_wconf 67' lang='lat'>88.</span> <span class='ocrx_word' id='word_1_203' title='bbox 1328 1964 1490 2014; x_wconf 83' lang='lat' dir='ltr'>libelli</span> <span class='ocrx_word' id='word_1_204' title='bbox 1526 1967 1600 2014; x_wconf 88' lang='lat' dir='ltr'>sui</span> <span class='ocrx_word' id='word_1_205' title='bbox 1639 1966 1959 2019; x_wconf 54' lang='lat' dir='ltr'>continuavit.</span> 
     </span>
     <span class='ocr_line' id='line_1_26' title="bbox 279 2034 1959 2100; baseline -0.001 -12"><span class='ocrx_word' id='word_1_206' title='bbox 279 2038 552 2088; x_wconf 72' lang='lat' dir='ltr'>Tlaetatur</span> <span class='ocrx_word' id='word_1_207' title='bbox 586 2036 636 2083; x_wconf 90' lang='lat' dir='ltr'>in</span> <span class='ocrx_word' id='word_1_208' title='bbox 675 2050 732 2082; x_wconf 88' lang='lat' dir='ltr'>ea</span> <span class='ocrx_word' id='word_1_209' title='bbox 771 2034 912 2085; x_wconf 83' lang='lat' dir='ltr'>locus</span> <span class='ocrx_word' id='word_1_210' title='bbox 948 2035 1144 2084; x_wconf 80' lang='lat' dir='ltr'>Timaei</span> <span class='ocrx_word' id='word_1_211' title='bbox 1187 2050 1238 2100; x_wconf 87' lang='lat' dir='ltr'>p.</span> <span class='ocrx_word' id='word_1_212' title='bbox 1287 2034 1373 2086; x_wconf 77' lang='lat'>35.</span> <span class='ocrx_word' id='word_1_213' title='bbox 1428 2037 1487 2085; x_wconf 84' lang='lat' dir='ltr'>A.</span> <span class='ocrx_word' id='word_1_214' title='bbox 1551 2053 1696 2100; x_wconf 84' lang='lat' dir='ltr'>quem</span> <span class='ocrx_word' id='word_1_215' title='bbox 1757 2052 1848 2086; x_wconf 89' lang='lat' dir='ltr'>nos</span> <span class='ocrx_word' id='word_1_216' title='bbox 1905 2037 1959 2088; x_wconf 80' lang='lat' dir='ltr'>in</span> 
     </span>
     <span class='ocr_line' id='line_1_27' title="bbox 279 2105 1960 2173; baseline -0.002 -14"><span class='ocrx_word' id='word_1_217' title='bbox 279 2109 553 2173; x_wconf 67' lang='lat' dir='ltr'>scriptione</span> <span class='ocrx_word' id='word_1_218' title='bbox 598 2105 914 2155; x_wconf 77' lang='lat' dir='ltr'>Scholastica</span> <span class='ocrx_word' id='word_1_219' title='bbox 959 2106 1051 2155; x_wconf 91' lang='lat' dir='ltr'>De</span> <span class='ocrx_word' id='word_1_220' title='bbox 1107 2108 1355 2155; x_wconf 87' lang='lat' dir='ltr'>animae</span> <span class='ocrx_word' id='word_1_221' title='bbox 1415 2108 1769 2156; x_wconf 85' lang='lat' dir='ltr'>mundanae</span> <span class='ocrx_word' id='word_1_222' title='bbox 1829 2107 1960 2156; x_wconf 90' lang='lat' dir='ltr'>ele-</span> 
     </span>
     <span class='ocr_line' id='line_1_28' title="bbox 278 2173 1959 2243; baseline -0.002 -11"><span class='ocrx_word' id='word_1_223' title='bbox 278 2180 514 2232; x_wconf 84' lang='lat' dir='ltr'>mentis</span> <span class='ocrx_word' id='word_1_224' title='bbox 561 2193 722 2243; x_wconf 82' lang='lat' dir='ltr'>nuper</span> <span class='ocrx_word' id='word_1_225' title='bbox 771 2178 908 2227; x_wconf 83' lang='lat' dir='ltr'>edit-a</span> <span class='ocrx_word' id='word_1_226' title='bbox 959 2177 1191 2227; x_wconf 84' lang='lat' dir='ltr'>similiter</span> <span class='ocrx_word' id='word_1_227' title='bbox 1220 2173 1224 2176; x_wconf 71' lang='grc'><strong>’</strong></span> <span class='ocrx_word' id='word_1_228' title='bbox 1257 2183 1408 2241; x_wconf 87' lang='lat' dir='ltr'>atque</span> <span class='ocrx_word' id='word_1_229' title='bbox 1464 2179 1519 2227; x_wconf 86' lang='lat' dir='ltr'>in</span> <span class='ocrx_word' id='word_1_230' title='bbox 1587 2175 1959 2229; x_wconf 76' lang='lat' dir='ltr'>commentariis</span> 
     </span>
    </p>
   </div>
   <div class='ocr_carea' id='block_1_3' title="bbox 198 2248 2031 2315">
    <p class='ocr_par' dir='ltr' id='par_1_4' title="bbox 198 2248 2031 2315">
     <span class='ocr_line' id='line_1_29' title="bbox 198 2248 2031 2315; baseline -0.001 -14"><span class='ocrx_word' id='word_1_231' title='bbox 198 2292 210 2300; x_wconf 37' lang='grc' dir='ltr'><em>Ι</em></span> <span class='ocrx_word' id='word_1_232' title='bbox 280 2251 469 2301; x_wconf 81' lang='lat' dir='ltr'>factum</span> <span class='ocrx_word' id='word_1_233' title='bbox 511 2254 608 2310; x_wconf 86' lang='lat' dir='ltr'>est</span> <span class='ocrx_word' id='word_1_234' title='bbox 646 2249 1088 2300; x_wconf 0' lang='lat' dir='ltr'>illustraxmeramus</span> <span class='ocrx_word' id='word_1_235' title='bbox 1167 2248 1236 2298; x_wconf 82' lang='lat' dir='ltr'>Et</span> <span class='ocrx_word' id='word_1_236' title='bbox 1283 2248 1348 2297; x_wconf 91' lang='lat' dir='ltr'>de</span> <span class='ocrx_word' id='word_1_237' title='bbox 1385 2250 1550 2299; x_wconf 60' lang='lat' dir='ltr'>serbis</span> <span class='ocrx_word' id='word_1_238' title='bbox 1586 2251 1712 2315; x_wconf 86' lang='lat' dir='ltr'>ipsis</span> <span class='ocrx_word' id='word_1_239' title='bbox 1755 2250 1958 2314; x_wconf 86' lang='lat' dir='ltr'>quidem</span> <span class='ocrx_word' id='word_1_240' title='bbox 2027 2271 2031 2275; x_wconf 91' lang='grc'>·</span> 
     </span>
    </p>
   </div>
   <div class='ocr_carea' id='block_1_4' title="bbox 250 2321 1961 3459">
    <p class='ocr_par' dir='ltr' id='par_1_5' title="bbox 250 2321 1961 3459">
     <span class='ocr_line' id='line_1_30' title="bbox 278 2321 1958 2406; baseline 0.001 -34"><span class='ocrx_word' id='word_1_241' title='bbox 278 2324 355 2372; x_wconf 66' lang='lat' dir='ltr'>vir</span> <span class='ocrx_word' id='word_1_242' title='bbox 387 2322 564 2372; x_wconf 75' lang='lat' dir='ltr'>doctus</span> <span class='ocrx_word' id='word_1_243' title='bbox 599 2322 857 2370; x_wconf 80' lang='lat' dir='ltr'>nobiscum</span> <span class='ocrx_word' id='word_1_244' title='bbox 897 2321 1146 2371; x_wconf 78' lang='lat' dir='ltr'>consentit</span> <span class='ocrx_word' id='word_1_245' title='bbox 1181 2322 1406 2385; x_wconf 73' lang='lat' dir='ltr'>egregie,</span> <span class='ocrx_word' id='word_1_246' title='bbox 1444 2327 1791 2406; x_wconf 75' lang='lat' dir='ltr'>praeterquam</span> <span class='ocrx_word' id='word_1_247' title='bbox 1822 2322 1958 2387; x_wconf 83' lang='lat' dir='ltr'>quod</span> 
     </span>
     <span class='ocr_line' id='line_1_31' title="bbox 250 2386 1956 2453; baseline -0.001 -9"><span class='ocrx_word' id='word_1_248' title='bbox 250 2386 349 2444; x_wconf 61' lang='grc' dir='ltr'>»αὖ</span> <span class='ocrx_word' id='word_1_249' title='bbox 388 2410 485 2442; x_wconf 86' lang='lat' dir='ltr'>non</span> <span class='ocrx_word' id='word_1_250' title='bbox 523 2394 572 2441; x_wconf 88' lang='lat' dir='ltr'>in</span> <span class='ocrx_word' id='word_1_251' title='bbox 611 2387 676 2442; x_wconf 76' lang='grc' dir='ltr'>ὸν</span> <span class='ocrx_word' id='word_1_252' title='bbox 712 2392 1030 2453; x_wconf 87' lang='lat' dir='ltr'>mutandum</span> <span class='ocrx_word' id='word_1_253' title='bbox 1069 2391 1158 2442; x_wconf 90' lang='lat' dir='ltr'>sed</span> <span class='ocrx_word' id='word_1_254' title='bbox 1197 2408 1308 2441; x_wconf 87' lang='lat' dir='ltr'>cum</span> <span class='ocrx_word' id='word_1_255' title='bbox 1345 2391 1498 2440; x_wconf 80' lang='lat' dir='ltr'>Dav</span> <span class='ocrx_word' id='word_1_256' title='bbox 1485 2409 1497 2440; x_wconf 84' lang='grc' dir='ltr'>ι</span> <span class='ocrx_word' id='word_1_257' title='bbox 1520 2395 1616 2443; x_wconf 90' lang='lat' dir='ltr'>sio</span> <span class='ocrx_word' id='word_1_258' title='bbox 1655 2393 1956 2442; x_wconf 85' lang='lat' dir='ltr'>eiiciendnm</span> 
     </span>
     <span class='ocr_line' id='line_1_32' title="bbox 280 2456 1954 2529; baseline -0.001 -14"><span class='ocrx_word' id='word_1_259' title='bbox 280 2470 482 2515; x_wconf 84' lang='lat' dir='ltr'>censet:</span> <span class='ocrx_word' id='word_1_260' title='bbox 534 2463 597 2512; x_wconf 87' lang='lat' dir='ltr'>de</span> <span class='ocrx_word' id='word_1_261' title='bbox 643 2479 742 2528; x_wconf 83' lang='lat' dir='ltr'>quo</span> <span class='ocrx_word' id='word_1_262' title='bbox 785 2479 915 2512; x_wconf 85' lang='lat' dir='ltr'>nunc</span> <span class='ocrx_word' id='word_1_263' title='bbox 960 2464 1190 2513; x_wconf 88' lang='lat' dir='ltr'>nolumus</span> <span class='ocrx_word' id='word_1_264' title='bbox 1241 2463 1553 2529; x_wconf 77' lang='lat' dir='ltr'>disceptare,</span> <span class='ocrx_word' id='word_1_265' title='bbox 1590 2466 1835 2529; x_wconf 83' lang='lat' dir='ltr'>siquidem</span> <span class='ocrx_word' id='word_1_266' title='bbox 1874 2456 1954 2513; x_wconf 56' lang='lat' dir='ltr'>wel</span> 
     </span>
     <span class='ocr_line' id='line_1_33' title="bbox 280 2535 1953 2600; baseline -0.002 -14"><span class='ocrx_word' id='word_1_267' title='bbox 280 2540 354 2586; x_wconf 78' lang='lat' dir='ltr'>sic</span> <span class='ocrx_word' id='word_1_268' title='bbox 391 2535 603 2585; x_wconf 88' lang='lat' dir='ltr'>eundem</span> <span class='ocrx_word' id='word_1_269' title='bbox 641 2535 807 2584; x_wconf 84' lang='lat' dir='ltr'>verbis</span> <span class='ocrx_word' id='word_1_270' title='bbox 846 2551 1045 2585; x_wconf 87' lang='lat' dir='ltr'>sensum</span> <span class='ocrx_word' id='word_1_271' title='bbox 1084 2535 1326 2595; x_wconf 77' lang='lat' dir='ltr'>subiecit,</span> <span class='ocrx_word' id='word_1_272' title='bbox 1381 2551 1528 2600; x_wconf 85' lang='lat' dir='ltr'>quem</span> <span class='ocrx_word' id='word_1_273' title='bbox 1564 2552 1656 2584; x_wconf 87' lang='lat' dir='ltr'>nos</span> <span class='ocrx_word' id='word_1_274' title='bbox 1690 2536 1953 2588; x_wconf 85' lang='lat' dir='ltr'>voluimus.</span> 
     </span>
     <span class='ocr_line' id='line_1_34' title="bbox 279 2607 1955 2671; baseline -0.002 -13"><span class='ocrx_word' id='word_1_275' title='bbox 279 2608 379 2658; x_wconf 87' lang='lat' dir='ltr'>Sed</span> <span class='ocrx_word' id='word_1_276' title='bbox 426 2609 490 2658; x_wconf 90' lang='lat' dir='ltr'>de</span> <span class='ocrx_word' id='word_1_277' title='bbox 537 2623 706 2656; x_wconf 87' lang='lat' dir='ltr'>rerum</span> <span class='ocrx_word' id='word_1_278' title='bbox 756 2608 981 2671; x_wconf 86' lang='lat' dir='ltr'>ipsarum</span> <span class='ocrx_word' id='word_1_279' title='bbox 1037 2607 1267 2671; x_wconf 64' lang='lat' dir='ltr'>eqw’xcatl</span> <span class='ocrx_word' id='word_1_280' title='bbox 1275 2621 1369 2654; x_wconf 84' lang='lat' dir='ltr'>me</span> <span class='ocrx_word' id='word_1_281' title='bbox 1427 2623 1456 2654; x_wconf 87' lang='lat' dir='ltr'>a</span> <span class='ocrx_word' id='word_1_282' title='bbox 1515 2608 1659 2657; x_wconf 87' lang='lat' dir='ltr'>nobis</span> <span class='ocrx_word' id='word_1_283' title='bbox 1719 2607 1955 2656; x_wconf 82' lang='lat' dir='ltr'>dissentit</span> 
     </span>
     <span class='ocr_line' id='line_1_35' title="bbox 274 2674 1952 2762; baseline -0.001 -33.999"><span class='ocrx_word' id='word_1_284' title='bbox 274 2681 575 2762; x_wconf 71' lang='lat' dir='ltr'>&#39;plui-imum:</span> <span class='ocrx_word' id='word_1_285' title='bbox 625 2677 750 2726; x_wconf 87' lang='lat' dir='ltr'>illud</span> <span class='ocrx_word' id='word_1_286' title='bbox 797 2680 958 2740; x_wconf 75' lang='lat' dir='ltr'>enim,</span> <span class='ocrx_word' id='word_1_287' title='bbox 1011 2678 1140 2742; x_wconf 87' lang='lat' dir='ltr'>quod</span> <span class='ocrx_word' id='word_1_288' title='bbox 1190 2677 1334 2726; x_wconf 82' lang='lat' dir='ltr'>Plato</span> <span class='ocrx_word' id='word_1_289' title='bbox 1380 2695 1442 2727; x_wconf 83' lang='grc' dir='ltr'>τυ</span> <span class='ocrx_word' id='word_1_290' title='bbox 1494 2673 1743 2728; x_wconf 71' lang='grc' dir='ltr'>ὕίἕτευον</span> <span class='ocrx_word' id='word_1_291' title='bbox 1788 2683 1843 2727; x_wconf 86' lang='lat' dir='ltr'>et</span> <span class='ocrx_word' id='word_1_292' title='bbox 1887 2674 1952 2727; x_wconf 76' lang='grc' dir='ltr'>τὸ</span> 
     </span>
     <span class='ocr_line' id='line_1_36' title="bbox 275 2745 1956 2815; baseline -0.003 -13"><span class='ocrx_word' id='word_1_293' title='bbox 275 2745 448 2802; x_wconf 67' lang='grc' dir='ltr'>’ταύτό</span> <span class='ocrx_word' id='word_1_294' title='bbox 509 2750 756 2815; x_wconf 85' lang='lat' dir='ltr'>appellat</span> <span class='ocrx_word' id='word_1_295' title='bbox 811 2750 971 2798; x_wconf 87' lang='lat' dir='ltr'>multo</span> <span class='ocrx_word' id='word_1_296' title='bbox 1024 2750 1172 2797; x_wconf 85' lang='lat' dir='ltr'>aliter</span> <span class='ocrx_word' id='word_1_297' title='bbox 1227 2750 1606 2812; x_wconf 70' lang='lat' dir='ltr'>inteipretatur.</span> <span class='ocrx_word' id='word_1_298' title='bbox 1702 2750 1956 2798; x_wconf 81' lang='lat' dir='ltr'>Summam</span> 
     </span>
     <span class='ocr_line' id='line_1_37' title="bbox 277 2820 1954 2888; baseline -0.002 -16"><span class='ocrx_word' id='word_1_299' title='bbox 277 2822 630 2888; x_wconf 81' lang='lat' dir='ltr'>disputationis</span> <span class='ocrx_word' id='word_1_300' title='bbox 680 2837 799 2871; x_wconf 86' lang='lat' dir='ltr'>suae</span> <span class='ocrx_word' id='word_1_301' title='bbox 847 2838 898 2885; x_wconf 87' lang='lat' dir='ltr'>p.</span> <span class='ocrx_word' id='word_1_302' title='bbox 943 2820 1026 2871; x_wconf 74' lang='lat'>78</span> <span class='ocrx_word' id='word_1_303' title='bbox 1074 2821 1185 2883; x_wconf 87' lang='lat' dir='ltr'>ipse</span> <span class='ocrx_word' id='word_1_304' title='bbox 1234 2821 1406 2884; x_wconf 79' lang='lat' dir='ltr'>paucis</span> <span class='ocrx_word' id='word_1_305' title='bbox 1453 2821 1618 2869; x_wconf 56' lang='lat' dir='ltr'>serbis</span> <span class='ocrx_word' id='word_1_306' title='bbox 1668 2820 1954 2885; x_wconf 74' lang='lat' dir='ltr'>complexus</span> 
     </span>
     <span class='ocr_line' id='line_1_38' title="bbox 279 2890 1953 2959; baseline -0.003 -16"><span class='ocrx_word' id='word_1_307' title='bbox 279 2900 391 2955; x_wconf 74' lang='lat' dir='ltr'>est,</span> <span class='ocrx_word' id='word_1_308' title='bbox 429 2909 554 2959; x_wconf 86' lang='lat' dir='ltr'>quae</span> <span class='ocrx_word' id='word_1_309' title='bbox 589 2893 672 2942; x_wconf 86' lang='lat' dir='ltr'>hic</span> <span class='ocrx_word' id='word_1_310' title='bbox 708 2892 894 2940; x_wconf 82' lang='lat' dir='ltr'>afferre</span> <span class='ocrx_word' id='word_1_311' title='bbox 930 2891 1131 2951; x_wconf 43' lang='lat' dir='ltr'>licebi5t</span> <span class='ocrx_word' id='word_1_312' title='bbox 1169 2907 1233 2939; x_wconf 89' lang='lat' dir='ltr'>ne</span> <span class='ocrx_word' id='word_1_313' title='bbox 1273 2892 1382 2954; x_wconf 82' lang='lat' dir='ltr'>quis</span> <span class='ocrx_word' id='word_1_314' title='bbox 1419 2890 1586 2941; x_wconf 86' lang='lat' dir='ltr'>fraudi</span> <span class='ocrx_word' id='word_1_315' title='bbox 1621 2891 1762 2940; x_wconf 80' lang='lat' dir='ltr'>locus</span> <span class='ocrx_word' id='word_1_316' title='bbox 1798 2891 1953 2938; x_wconf 70' lang='lat' dir='ltr'>rdin-</span> 
     </span>
     <span class='ocr_line' id='line_1_39' title="bbox 279 2962 1951 3029; baseline -0.002 -16"><span class='ocrx_word' id='word_1_317' title='bbox 279 2973 480 3029; x_wconf 80' lang='lat' dir='ltr'>quat.⁵.ul</span> <span class='ocrx_word' id='word_1_318' title='bbox 554 2965 853 3026; x_wconf 58' lang='lat' dir='ltr'>„Animam</span> <span class='ocrx_word' id='word_1_319' title='bbox 900 2964 1088 3027; x_wconf 77' lang='lat' dir='ltr'>inquit,</span> <span class='ocrx_word' id='word_1_320' title='bbox 1139 2968 1193 3011; x_wconf 90' lang='lat' dir='ltr'>et</span> <span class='ocrx_word' id='word_1_321' title='bbox 1238 2962 1530 3011; x_wconf 77' lang='lat' dir='ltr'>mundanam</span> <span class='ocrx_word' id='word_1_322' title='bbox 1579 2967 1631 3010; x_wconf 87' lang='lat' dir='ltr'>et</span> <span class='ocrx_word' id='word_1_323' title='bbox 1687 2962 1951 3010; x_wconf 70' lang='lat' dir='ltr'>humanam</span> 
     </span>
     <span class='ocr_line' id='line_1_40' title="bbox 275 3034 1954 3101; baseline -0.002 -16"><span class='ocrx_word' id='word_1_324' title='bbox 275 3036 423 3085; x_wconf 84' lang='lat' dir='ltr'>Plato</span> <span class='ocrx_word' id='word_1_325' title='bbox 470 3037 645 3084; x_wconf 84' lang='lat' dir='ltr'>statuit</span> <span class='ocrx_word' id='word_1_326' title='bbox 693 3051 752 3084; x_wconf 83' lang='lat' dir='ltr'>ex</span> <span class='ocrx_word' id='word_1_327' title='bbox 795 3035 958 3083; x_wconf 84' lang='lat' dir='ltr'>tribus</span> <span class='ocrx_word' id='word_1_328' title='bbox 1002 3034 1267 3082; x_wconf 87' lang='lat' dir='ltr'>elementis</span> <span class='ocrx_word' id='word_1_329' title='bbox 1313 3035 1640 3101; x_wconf 65' lang='grc' dir='ltr'>ιοιη1)οιείῐθιιι</span> <span class='ocrx_word' id='word_1_330' title='bbox 1688 3049 1832 3093; x_wconf 75' lang='lat' dir='ltr'>esse,</span> <span class='ocrx_word' id='word_1_331' title='bbox 1883 3048 1954 3081; x_wconf 76' lang='lat' dir='ltr'>ex</span> 
     </span>
     <span class='ocr_line' id='line_1_41' title="bbox 273 3103 1955 3163; baseline -0.003 -7"><span class='ocrx_word' id='word_1_332' title='bbox 273 3108 453 3156; x_wconf 74' lang='lat' dir='ltr'>&#39;ideis</span> <span class='ocrx_word' id='word_1_333' title='bbox 490 3107 903 3163; x_wconf 71' lang='lat' dir='ltr'>identitatis,</span> <span class='ocrx_word' id='word_1_334' title='bbox 939 3104 1366 3155; x_wconf 77' lang='lat' dir='ltr'>diversitatis</span> <span class='ocrx_word' id='word_1_335' title='bbox 1388 3116 1448 3154; x_wconf 87' lang='lat' dir='ltr'>et</span> <span class='ocrx_word' id='word_1_336' title='bbox 1469 3105 1812 3154; x_wconf 79' lang='lat' dir='ltr'>esseutiae.</span> <span class='ocrx_word' id='word_1_337' title='bbox 1883 3103 1955 3152; x_wconf 65' lang='lat' dir='ltr'>Et</span> 
     </span>
     <span class='ocr_line' id='line_1_42' title="bbox 275 3176 1954 3242; baseline -0.004 -14"><span class='ocrx_word' id='word_1_338' title='bbox 275 3180 495 3229; x_wconf 84' lang='lat' dir='ltr'>essentia</span> <span class='ocrx_word' id='word_1_339' title='bbox 534 3180 731 3242; x_wconf 80' lang='lat' dir='ltr'>quidem</span> <span class='ocrx_word' id='word_1_340' title='bbox 770 3177 1182 3235; x_wconf 49' lang='lat' dir='ltr'>admiscetunut</span> <span class='ocrx_word' id='word_1_341' title='bbox 1218 3177 1354 3238; x_wconf 85' lang='lat' dir='ltr'>quod</span> <span class='ocrx_word' id='word_1_342' title='bbox 1392 3193 1454 3225; x_wconf 81' lang='lat' dir='ltr'>ex</span> <span class='ocrx_word' id='word_1_343' title='bbox 1489 3176 1776 3224; x_wconf 78' lang='lat' dir='ltr'>diversitate</span> <span class='ocrx_word' id='word_1_344' title='bbox 1813 3190 1954 3222; x_wconf 82' lang='lat' dir='ltr'>com-</span> 
     </span>
     <span class='ocr_line' id='line_1_43' title="bbox 274 3245 1956 3317; baseline -0.004 -19"><span class='ocrx_word' id='word_1_345' title='bbox 274 3250 443 3317; x_wconf 77' lang='lat' dir='ltr'>posita</span> <span class='ocrx_word' id='word_1_346' title='bbox 481 3266 591 3297; x_wconf 79' lang='lat' dir='ltr'>eum</span> <span class='ocrx_word' id='word_1_347' title='bbox 642 3250 906 3298; x_wconf 87' lang='lat' dir='ltr'>identitate</span> <span class='ocrx_word' id='word_1_348' title='bbox 957 3247 1209 3307; x_wconf 66' lang='lat' dir='ltr'>efficitur,</span> <span class='ocrx_word' id='word_1_349' title='bbox 1257 3262 1315 3294; x_wconf 87' lang='lat' dir='ltr'>re</span> <span class='ocrx_word' id='word_1_350' title='bbox 1360 3265 1478 3296; x_wconf 77' lang='lat' dir='ltr'>vera</span> <span class='ocrx_word' id='word_1_351' title='bbox 1514 3262 1661 3295; x_wconf 77' lang='lat' dir='ltr'>esse</span> <span class='ocrx_word' id='word_1_352' title='bbox 1698 3245 1796 3294; x_wconf 87' lang='lat' dir='ltr'>dici</span> <span class='ocrx_word' id='word_1_353' title='bbox 1831 3260 1956 3313; x_wconf 63' lang='lat' dir='ltr'>pos-7</span> 
     </span>
     <span class='ocr_line' id='line_1_44' title="bbox 277 3318 1957 3378; baseline -0.004 -7"><span class='ocrx_word' id='word_1_354' title='bbox 277 3323 359 3371; x_wconf 77' lang='lat' dir='ltr'>sit.</span> <span class='ocrx_word' id='word_1_355' title='bbox 435 3321 682 3369; x_wconf 81' lang='lat' dir='ltr'>Identitas</span> <span class='ocrx_word' id='word_1_356' title='bbox 734 3326 901 3369; x_wconf 80' lang='lat' dir='ltr'>autem</span> <span class='ocrx_word' id='word_1_357' title='bbox 948 3325 1003 3367; x_wconf 84' lang='lat' dir='ltr'>et</span> <span class='ocrx_word' id='word_1_358' title='bbox 1052 3318 1345 3378; x_wconf 79' lang='lat' dir='ltr'>diversitas,</span> <span class='ocrx_word' id='word_1_359' title='bbox 1395 3320 1440 3368; x_wconf 91' lang='lat' dir='ltr'>si</span> <span class='ocrx_word' id='word_1_360' title='bbox 1486 3319 1722 3368; x_wconf 86' lang='lat' dir='ltr'>mundum</span> <span class='ocrx_word' id='word_1_361' title='bbox 1758 3318 1957 3366; x_wconf 81' lang='lat' dir='ltr'>univer-</span> 
     </span>
     <span class='ocr_line' id='line_1_45' title="bbox 266 3384 1961 3459; baseline -0.002 -16"><span class='ocrx_word' id='word_1_362' title='bbox 266 3402 389 3443; x_wconf 81' lang='lat' dir='ltr'>&#39;sum</span> <span class='ocrx_word' id='word_1_363' title='bbox 438 3393 778 3459; x_wconf 77' lang='lat' dir='ltr'>spectaveriS,</span> <span class='ocrx_word' id='word_1_364' title='bbox 829 3384 1081 3458; x_wconf 72' lang='lat' dir='ltr'>duplicem</span> <span class='ocrx_word' id='word_1_365' title='bbox 1124 3405 1394 3458; x_wconf 82' lang='lat' dir='ltr'>corporum</span> <span class='ocrx_word' id='word_1_366' title='bbox 1439 3390 1734 3444; x_wconf 71' lang='lat' dir='ltr'>coelestium</span> <span class='ocrx_word' id='word_1_367' title='bbox 1769 3391 1961 3440; x_wconf 77' lang='lat' dir='ltr'>motum</span> 
     </span>
    </p>
   </div>
  </div>
 </body>
</html>
