2072 3698
283 196 356 251 18
860 171 1403 248 rnotncomam.

287 337 490 406 quidem
527 335 780 390 faciemus
817 338 924 400 sic,
975 344 1033 387 ut
1065 352 1241 388 rursus
1277 351 1546 404 sequamur
1580 336 1971 388 verisimilitudi-

285 426 419 463 nem.
493 407 550 461 P.
588 409 675 463 42.
712 411 772 461 Ε.
810 437 871 453 ψ-
916 410 1003 463 44.
1038 405 1102 462 D.

431 505 695 557 Dedcrunt
729 507 883 573 igitur
920 507 988 556 dii
1017 504 1328 561 immortales
1350 507 1555 571 corpori
1590 504 1808 554 humano
1842 504 1972 555 hanc

288 579 502 646 figuram
550 595 607 627 ac
652 581 893 645 speciem.
988 577 1212 627 Primum
1255 578 1793 641 finxerunt-caput,
1845 594 1970 642 quac

290 657 375 701 est
408 665 525 716 pars
562 653 726 701 nostri
758 651 908 715 longe
941 650 1400 713 praestantissima,
1437 650 1518 698 cui
1554 649 1746 712 reliqua
1784 662 1974 712 corpo-

289 723 363 774 ris
399 722 623 771 membra
674 722 838 770 omnia
885 721 1027 784 quasi
1069 720 1392 791 famulantur.
1467 720 1568 769 lam
1615 735 1734 775 vero
1772 718 1840 767 dii
1871 719 1972 767 du-

290 795 477 860 plicem
526 793 666 841 illum
715 791 848 840 coeli
890 792 1150 840 circuitum
1202 809 1230 842 a
1278 806 1472 840 summo
1522 790 1619 839 deo
1655 791 1972 854 propositum

293 868 617 930 spectantes,
669 877 767 926 quo
816 862 969 911 homo
1014 879 1183 912 rerum
1229 862 1543 911 universitati
1591 862 1769 910 similis
1805 862 1974 922 fieret,

291 936 447 1001 capiti
485 933 746 983 rotundam
784 934 1071 983 tribuerunt
1104 935 1315 998 liguram
1353 934 1500 998 eique
1537 927 1709 982 itid'em
1749 932 1875 982 duos
1909 933 1978 980 il-

291 1007 374 1058 los
410 1007 602 1054 animae
628 991 877 1053 'circuitus
913 1006 1187 1070 illigarunt.
1258 1005 1336 1055 Nc
1372 1019 1494 1054 vero
1529 1001 1654 1052 illud
1693 1020 1842 1067 quum
1885 1018 1975 1052 su-

291 1094 388 1143 per
426 1082 613 1126 terram
650 1077 956 1136 volveretur,
994 1077 1142 1125 huius
1181 1075 1548 1126 declivitatibus
1586 1079 1640 1124 et
1680 1075 1969 1139 asperitati-

295 1151 389 1199 bus
427 1147 774 1196 offenderetur
809 1154 896 1196 aut
920 1149 1250 1208 detineretur,
1290 1147 1564 1195 inferiores
1595 1148 1825 1210 corporis
1861 1162 1975 1210 par-

293 1226 378 1269 tes
424 1220 473 1269 ei
519 1224 751 1283 tauquam
799 1219 1089 1269 vehiculum.
1133 1218 1379 1283 quoddam
1429 1219 1774 1266 adiunxerunt.
1845 1216 1979 1266 Hinc

294 1296 408 1341 orta
452 1289 934 1359 humauicorporis
975 1291 1288 1355 proceritas3
1336 1290 1454 1338 hinc
1502 1290 1726 1337 membra
1773 1294 1979 1337 extensa

293 1362 574 1426 eademque
609 1360 869 1421 flexibilia3
924 1362 1042 1411 hinc
1081 1377 1228 1409 crura
1264 1365 1318 1410 et
1352 1376 1556 1419 manus;
1598 1360 1716 1408 hinc
1765 1359 1982 1423 denique

293 1434 520 1484 membra
567 1434 755 1492 omnio,
806 1435 985 1497 quibus
1030 1433 1366 1482 divinissimae
1416 1437 1470 1481 et
1506 1432 1853 1480 sanctissimae
1888 1447 1979 1479 no-

293 1506 391 1556 stri
426 1506 585 1569 partis
623 1490 929 1554 domicilium
979 1509 1310 1555 sustentatur.
1382 1503 1451 1552 Et
1486 1503 1825 1568 posteriorem
1863 1502 1976 1566 qui-

292 1576 410 1625 dem
448 1577 680 1640 corporis
718 1580 913 1639 partem
952 1578 1206 1624 antei-lore
1245 1576 1409 1623 minus
1447 1579 1766 1625 exornarunt.
1838 1573 1980 1622 Hanc

222 1699 226 1705 ‚
289 1647 430 1697 *enim
467 1647 527 1694 ad
564 1646 907 1710 imperandum
943 1649 1102 1711 magis
1135 1647 1367 1694 idoneam
1388 1646 1688 1710 omninoque
1713 1646 1980 1709 praestan-

294 1719 483 1769 tiorem
531 1718 892 1771 iudicaverunt.
980 1720 1156 1782 ltaque
1205 1718 1322 1766 hnic
1369 1719 1580 1766 maxime
1629 1717 1979 1780 imposuerunt

294 1792 656 1850 iustrumenta,
710 1806 839 1855 quae
886 1791 1106 1855 sapienti
1157 1791 1350 1838 animae
1399 1788 1616 1852 imperio
1663 1788 1979 1836 inservirent.

229 1882 231 1884 ·
293 1861 437 1912 Inter
472 1878 600 1925 quae
637 1863 799 1926 primo
837 1861 952 1910 loco
990 1861 1272 1910 nominandi
1309 1865 1424 1910 sunt
1461 1859 1668 1919 oculi,
1716 1860 1768 1908 in
1805 1860 1982 1923 quibus

263 1934 432 1984 inest
466 1934 648 1982 visus
686 1931 767 1994 *);
815 1933 996 1983 iisdem
1045 1948 1166 1981 vero
1204 1949 1298 1997 per
1333 1932 1602 1996 palpebras
1640 1932 1889 1979 contectis
1928 1934 1980 1977 et

296 2005 518 2054 occlusis
568 2020 772 2054 somnus
823 2007 1000 2054 oritur.
1075 2005 1345 2052 Enimvero
1382 2002 1581 2052 oculum
1618 2002 1876 2065 visumque
1913 2001 1980 2049 dii

296 2077 444 2126 nobis
483 2075 731 2124 dederunt
765 2074 912 2137 ideo,
951 2080 1006 2124 ut
1051 2077 1377 2125 maximarum
1415 2090 1586 2123 rerum
1628 2074 1890 2122 scientiam
1929 2077 1983 2121 et

297 2148 638 2212 cognitionem
677 2147 1088 2212 adipisceremur.
1159 2148 1274 2197 Hoc
1299 2148 1430 2195 enim
1464 2161 1614 2194 sensu
1654 2143 1986 2209 contemplari

297 2219 423 2268 licet
473 2235 644 2267 rerum
687 2220 1096 2279 universitatem,
1144 2234 1241 2282 quo
1291 2219 1383 2277 fit,
1432 2222 1490 2265 ut
1538 2217 1796 2280 sapientes
1852 2216 1982 2264 coeli

253 2286 257 2289 “
299 2291 658 2340 conversiones
695 2297 1063 2355 cognoscentes
1110 2290 1271 2339 nostri
1321 2289 1467 2336 animi
1505 2294 1672 2335 motus
1711 2287 1772 2335 ad
1811 2303 1980 2335 earum

301 2362 587 2426 exemplum
652 2366 836 2427 reg'ere
896 2370 953 2412 et
1017 2362 1297 2427 gubernare
1348 2375 1753 2409 consuescamus.
1815 2358 1981 2407 -Unde

300 2433 473 2499 adepti
515 2450 686 2482 sumus
724 2433 1127 2499 philosophiam,
1177 2449 1274 2498 quo
1323 2432 1454 2480 bono
1491 2431 1680 2480 nullum
1718 2435 1983 2495 praestan-

300 2506 404 2555 tius
442 2522 470 2553 a
504 2505 599 2554 diis
638 2505 1003 2555 immortalibus
1041 2505 1255 2554 humano
1283 2504 1457 2568 generi
1493 2518 1659 2566 neque
1694 2501 1858 2550 adhuc
1894 2501 1981 2549 da-

279 2581 409 2626 'tum
449 2583 532 2626 est
578 2592 672 2625 nec
710 2593 922 2642 unquam
962 2584 1174 2641 postero
1222 2582 1457 2642 tempore
1499 2573 1714 2622 dabitur.
1788 2571 1979 2622 Eadem

302 2631 483 2696 vocis
522 2653 574 2696 et
611 2648 876 2697 auditus
913 2650 1043 2697 ratio
1083 2653 1192 2706 est,
1231 2661 1357 2712 quae
1398 2646 1461 2693 ob
1500 2644 1702 2693 easdem
1739 2659 1913 2692 causas
1951 2659 1981 2691 a

303 2719 400 2769 diis
437 2720 580 2768 nobis
617 2720 805 2768 tributa
851 2725 998 2780 sunt;
1047 2718 1292 2784 siqnidem
1332 2720 1386 2764 et
1421 2717 1582 2763 oratio
1620 2731 1682 2763 eo
1718 2715 1878 2776 valet,
1929 2718 1983 2764 et
2049 2753 2056 2757 .

301 2790 563 2839 harmonia
596 2790 794 2841 videtur
827 2791 967 2840 utilis
1005 2806 1122 2840 esse
1158 2790 1220 2839 ad
1246 2786 1624 2851 temperandum
1662 2788 1852 2835 animae
1887 2801 1985 2835 no-

277 2870 441 2910 strae
493 2863 787 2923 circuitum,
848 2867 900 2911 et
962 2878 1198 2911 numerus
1257 2859 1491 2908 conducit
1538 2855 1671 2905 haud
1719 2858 1870 2906 dubie
1919 2857 1983 2906 ad

304 2933 724 2996 compescendam
774 2935 831 2983 in⁴
862 2935 1005 2983 nobis
1042 2931 1477 2999 intemperantiam
1514 2929 1981 2992 restituendamque

295 3004 495 3127 gaimsse
542 3006 1191 3126 msssaeEmm'enienfiam
1242 3008 1296 3052 et
1338 3001 1481 3067 quasi
1529 3006 1845 3050 concentum.
1916 3000 1975 3051 P.

440 3158 514 3208 Et
560 3159 806 3211 hactenus
850 3161 1051 3227 quidem
1097 3175 1225 3230 quae
1271 3155 1458 3208 mentis
1503 3155 1553 3205 vi
1618 3160 1737 3207 sunt
1794 3155 1979 3207 effecta

348 3403 395 3460 ι·“)
426 3408 488 3447 De
518 3421 603 3460 quo
632 3407 808 3460 copiose
838 3382 1076 3462 exponitur
1112 3412 1155 3459 p.
1190 3410 1260 3451 45.
1291 3411 1335 3450 Β.
1358 3372 1555 3461 ‘qq-»um
1574 3409 1662 3451 vid.
1681 3409 1973 3450 commentar·
