<?xml version="1.0" encoding="UTF-8"?>
<!DOCTYPE html PUBLIC "-//W3C//DTD XHTML 1.0 Transitional//EN"
    "http://www.w3.org/TR/xhtml1/DTD/xhtml1-transitional.dtd">
<html xmlns="http://www.w3.org/1999/xhtml" xml:lang="en" lang="en">
 <head>
  <title>
</title>
<meta http-equiv="Content-Type" content="text/html;charset=utf-8" />
  <meta name='ocr-system' content='tesseract 3.04.00' />
  <meta name='ocr-capabilities' content='ocr_page ocr_carea ocr_par ocr_line ocrx_word'/>
</head>
<body>
  <div class='ocr_page' id='page_1' title='image "./operaomniarecens07platuoft/operaomniarecens07platuoft_0044.png"; bbox 0 0 2072 3698; ppageno 0'>
   <div class='ocr_carea' id='block_1_1' title="bbox 224 174 1345 234">
    <p class='ocr_par' dir='ltr' id='par_1_1' title="bbox 224 174 1345 234">
     <span class='ocr_line' id='line_1_1' title="bbox 224 174 1345 234; baseline -0.006 0"><span class='ocrx_word' id='word_1_1' title='bbox 224 181 298 234; x_wconf 72' lang='lat'><strong>³4</strong></span> <span class='ocrx_word' id='word_1_2' title='bbox 798 174 1345 230; x_wconf 72' lang='lat' dir='ltr'><strong>PROLEGOMENA.</strong></span> 
     </span>
    </p>
   </div>
   <div class='ocr_carea' id='block_1_2' title="bbox 212 309 1934 1666">
    <p class='ocr_par' dir='ltr' id='par_1_2' title="bbox 212 309 1934 1666">
     <span class='ocr_line' id='line_1_2' title="bbox 239 309 1926 389; baseline -0.005 -14"><span class='ocrx_word' id='word_1_3' title='bbox 239 319 482 381; x_wconf 85' lang='lat' dir='ltr'><strong>contulit,</strong></span> <span class='ocrx_word' id='word_1_4' title='bbox 525 318 842 389; x_wconf 82' lang='lat' dir='ltr'><strong>potissimum</strong></span> <span class='ocrx_word' id='word_1_5' title='bbox 891 319 942 368; x_wconf 88' lang='lat' dir='ltr'><strong>in</strong></span> <span class='ocrx_word' id='word_1_6' title='bbox 986 333 1162 368; x_wconf 90' lang='lat' dir='ltr'><strong>eorum</strong></span> <span class='ocrx_word' id='word_1_7' title='bbox 1207 318 1499 369; x_wconf 85' lang='lat' dir='ltr'><strong>memoriam</strong></span> <span class='ocrx_word' id='word_1_8' title='bbox 1549 309 1736 382; x_wconf 84' lang='lat' dir='ltr'><strong>rediit,</strong></span> <span class='ocrx_word' id='word_1_9' title='bbox 1783 315 1926 384; x_wconf 63' lang='lat' dir='ltr'><strong>quae</strong></span> 
     </span>
     <span class='ocr_line' id='line_1_3' title="bbox 231 389 1917 458; baseline -0.004 -14"><span class='ocrx_word' id='word_1_10' title='bbox 231 394 434 458; x_wconf 63' lang='lat' dir='ltr'><strong>⁴scripta</strong></span> <span class='ocrx_word' id='word_1_11' title='bbox 469 395 643 439; x_wconf 80' lang='lat' dir='ltr'><strong>essent</strong></span> <span class='ocrx_word' id='word_1_12' title='bbox 678 389 742 440; x_wconf 83' lang='lat' dir='ltr'><strong>de</strong></span> <span class='ocrx_word' id='word_1_13' title='bbox 777 389 969 454; x_wconf 86' lang='lat' dir='ltr'><strong>optima</strong></span> <span class='ocrx_word' id='word_1_14' title='bbox 1003 390 1236 449; x_wconf 83' lang='lat' dir='ltr'><strong>civitate,</strong></span> <span class='ocrx_word' id='word_1_15' title='bbox 1271 390 1571 454; x_wconf 88' lang='lat' dir='ltr'><strong>praesertim</strong></span> <span class='ocrx_word' id='word_1_16' title='bbox 1609 405 1761 456; x_wconf 89' lang='lat' dir='ltr'><strong>quum</strong></span> <span class='ocrx_word' id='word_1_17' title='bbox 1796 390 1917 441; x_wconf 87' lang='lat' dir='ltr'><strong>boni</strong></span> 
     </span>
     <span class='ocr_line' id='line_1_4' title="bbox 243 459 1917 526; baseline -0.003 -12"><span class='ocrx_word' id='word_1_18' title='bbox 243 464 409 515; x_wconf 85' lang='lat' dir='ltr'><strong>ideam</strong></span> <span class='ocrx_word' id='word_1_19' title='bbox 446 462 599 511; x_wconf 87' lang='lat' dir='ltr'><strong>etiam</strong></span> <span class='ocrx_word' id='word_1_20' title='bbox 645 462 695 510; x_wconf 88' lang='lat' dir='ltr'><strong>in</strong></span> <span class='ocrx_word' id='word_1_21' title='bbox 733 476 901 510; x_wconf 88' lang='lat' dir='ltr'><strong>rerum</strong></span> <span class='ocrx_word' id='word_1_22' title='bbox 938 459 1264 510; x_wconf 72' lang='lat' dir='ltr'><strong>universitate</strong></span> <span class='ocrx_word' id='word_1_23' title='bbox 1318 477 1608 526; x_wconf 79' lang='lat' dir='ltr'>expressam</span> <span class='ocrx_word' id='word_1_24' title='bbox 1644 461 1785 511; x_wconf 87' lang='lat' dir='ltr'><strong>cerni</strong></span> <span class='ocrx_word' id='word_1_25' title='bbox 1819 460 1917 509; x_wconf 86' lang='lat' dir='ltr'><strong>de-</strong></span> 
     </span>
     <span class='ocr_line' id='line_1_5' title="bbox 244 529 1921 598; baseline -0.004 -12"><span class='ocrx_word' id='word_1_26' title='bbox 244 539 531 587; x_wconf 85' lang='lat' dir='ltr'><strong>monstrare</strong></span> <span class='ocrx_word' id='word_1_27' title='bbox 577 530 964 580; x_wconf 51' lang='lat' dir='ltr'><strong>constituissem</strong></span> <span class='ocrx_word' id='word_1_28' title='bbox 1044 530 1186 579; x_wconf 87' lang='lat' dir='ltr'><strong>Haec</strong></span> <span class='ocrx_word' id='word_1_29' title='bbox 1234 532 1398 591; x_wconf 72' lang='lat' dir='ltr'><strong>omnia</strong></span> <span class='ocrx_word' id='word_1_30' title='bbox 1455 533 1610 598; x_wconf 83' lang='lat' dir='ltr'><strong>igitur</strong></span> <span class='ocrx_word' id='word_1_31' title='bbox 1673 529 1921 582; x_wconf 84' lang='lat' dir='ltr'><strong>eiusmodi</strong></span> 
     </span>
     <span class='ocr_line' id='line_1_6' title="bbox 247 601 1922 666; baseline -0.003 -10"><span class='ocrx_word' id='word_1_32' title='bbox 247 610 394 666; x_wconf 87' lang='lat' dir='ltr'><strong>sunt,</strong></span> <span class='ocrx_word' id='word_1_33' title='bbox 441 609 510 658; x_wconf 56' lang='lat' dir='ltr'><strong>ut,</strong></span> <span class='ocrx_word' id='word_1_34' title='bbox 541 602 694 650; x_wconf 85' lang='lat' dir='ltr'><strong>facile</strong></span> <span class='ocrx_word' id='word_1_35' title='bbox 743 604 1012 666; x_wconf 79' lang='lat' dir='ltr'><strong>appareat,</strong></span> <span class='ocrx_word' id='word_1_36' title='bbox 1069 601 1353 666; x_wconf 86' lang='lat' dir='ltr'><strong>neutiquam</strong></span> <span class='ocrx_word' id='word_1_37' title='bbox 1396 619 1514 653; x_wconf 87' lang='lat' dir='ltr'><strong>esse</strong></span> <span class='ocrx_word' id='word_1_38' title='bbox 1565 604 1922 661; x_wconf 87' lang='lat' dir='ltr'><strong>necessarium,</strong></span> 
     </span>
     <span class='ocr_line' id='line_1_7' title="bbox 245 671 1925 741; baseline -0.002 -16"><span class='ocrx_word' id='word_1_39' title='bbox 245 682 307 728; x_wconf 88' lang='lat' dir='ltr'><strong>ut</strong></span> <span class='ocrx_word' id='word_1_40' title='bbox 340 680 556 741; x_wconf 86' lang='lat' dir='ltr'><strong>propter</strong></span> <span class='ocrx_word' id='word_1_41' title='bbox 591 673 786 722; x_wconf 79' lang='lat' dir='ltr'>Timaei</span> <span class='ocrx_word' id='word_1_42' title='bbox 836 671 1135 737; x_wconf 84' lang='lat' dir='ltr'><strong>principium</strong></span> <span class='ocrx_word' id='word_1_43' title='bbox 1172 671 1235 722; x_wconf 90' lang='lat' dir='ltr'><strong>de</strong></span> <span class='ocrx_word' id='word_1_44' title='bbox 1267 672 1539 734; x_wconf 88' lang='lat' dir='ltr'><strong>librorum,</strong></span> <span class='ocrx_word' id='word_1_45' title='bbox 1588 676 1672 740; x_wconf 88' lang='lat' dir='ltr'><strong>qui</strong></span> <span class='ocrx_word' id='word_1_46' title='bbox 1708 678 1825 722; x_wconf 72' lang='lat' dir='ltr'><strong>sunit</strong></span> <span class='ocrx_word' id='word_1_47' title='bbox 1859 672 1925 721; x_wconf 90' lang='lat' dir='ltr'><strong>de</strong></span> 
     </span>
     <span class='ocr_line' id='line_1_8' title="bbox 251 743 1924 814; baseline -0.004 -16"><span class='ocrx_word' id='word_1_48' title='bbox 251 747 455 814; x_wconf 70' lang='lat' dir='ltr'><strong>optimi-¹</strong></span> <span class='ocrx_word' id='word_1_49' title='bbox 493 745 715 794; x_wconf 87' lang='lat' dir='ltr'><strong>moribus</strong></span> <span class='ocrx_word' id='word_1_50' title='bbox 752 743 1040 807; x_wconf 87' lang='lat' dir='ltr'><strong>optimaque</strong></span> <span class='ocrx_word' id='word_1_51' title='bbox 1075 744 1307 805; x_wconf 79' lang='lat' dir='ltr'><strong>civitate,</strong></span> <span class='ocrx_word' id='word_1_52' title='bbox 1354 751 1650 810; x_wconf 84' lang='lat' dir='ltr'><strong>argumento</strong></span> <span class='ocrx_word' id='word_1_53' title='bbox 1699 762 1765 794; x_wconf 85' lang='lat' dir='ltr'><strong>ac.</strong></span> <span class='ocrx_word' id='word_1_54' title='bbox 1803 758 1924 810; x_wconf 88' lang='lat' dir='ltr'><strong>pro·</strong></span> 
     </span>
     <span class='ocr_line' id='line_1_9' title="bbox 251 815 1927 886; baseline -0.003 -19"><span class='ocrx_word' id='word_1_55' title='bbox 251 819 423 886; x_wconf 85' lang='lat' dir='ltr'><strong>posito</strong></span> <span class='ocrx_word' id='word_1_56' title='bbox 467 816 614 864; x_wconf 88' lang='lat' dir='ltr'><strong>aliter</strong></span> <span class='ocrx_word' id='word_1_57' title='bbox 661 815 966 874; x_wconf 77' lang='lat' dir='ltr'><strong>sentiamuS,</strong></span> <span class='ocrx_word' id='word_1_58' title='bbox 1017 830 1164 878; x_wconf 85' lang='lat' dir='ltr'><strong>quam</strong></span> <span class='ocrx_word' id='word_1_59' title='bbox 1211 815 1436 879; x_wconf 86' lang='lat' dir='ltr'><strong>ipsorum</strong></span> <span class='ocrx_word' id='word_1_60' title='bbox 1493 817 1720 866; x_wconf 90' lang='lat' dir='ltr'><strong>condicio</strong></span> <span class='ocrx_word' id='word_1_61' title='bbox 1772 822 1927 879; x_wconf 83' lang='lat' dir='ltr'><strong>atque</strong></span> 
     </span>
     <span class='ocr_line' id='line_1_10' title="bbox 250 882 1926 952; baseline -0.005 -11"><span class='ocrx_word' id='word_1_62' title='bbox 250 889 450 941; x_wconf 81' lang='lat' dir='ltr'><strong>indoles</strong></span> <span class='ocrx_word' id='word_1_63' title='bbox 485 886 705 936; x_wconf 85' lang='lat' dir='ltr'><strong>suadeat.</strong></span> <span class='ocrx_word' id='word_1_64' title='bbox 778 886 853 933; x_wconf 89' lang='lat' dir='ltr'><strong>Ac</strong></span> <span class='ocrx_word' id='word_1_65' title='bbox 888 900 955 934; x_wconf 90' lang='lat' dir='ltr'><strong>ne</strong></span> <span class='ocrx_word' id='word_1_66' title='bbox 998 884 1122 934; x_wconf 89' lang='lat' dir='ltr'><strong>illud</strong></span> <span class='ocrx_word' id='word_1_67' title='bbox 1172 882 1385 950; x_wconf 78' lang='lat' dir='ltr'><strong>quidem</strong></span> <span class='ocrx_word' id='word_1_68' title='bbox 1410 888 1580 952; x_wconf 80' lang='lat' dir='ltr'><strong>negari</strong></span> <span class='ocrx_word' id='word_1_69' title='bbox 1616 903 1646 935; x_wconf 89' lang='lat' dir='ltr'><strong>a</strong></span> <span class='ocrx_word' id='word_1_70' title='bbox 1681 899 1926 952; x_wconf 86' lang='lat' dir='ltr'><strong>quoquam</strong></span> 
     </span>
     <span class='ocr_line' id='line_1_11' title="bbox 251 956 1927 1023; baseline -0.005 -11"><span class='ocrx_word' id='word_1_71' title='bbox 251 966 397 1012; x_wconf 86' lang='lat' dir='ltr'><strong>recte</strong></span> <span class='ocrx_word' id='word_1_72' title='bbox 433 957 652 1023; x_wconf 87' lang='lat' dir='ltr'><strong>poterit,</strong></span> <span class='ocrx_word' id='word_1_73' title='bbox 690 957 1095 1005; x_wconf 87' lang='lat' dir='ltr'><strong>commemoratis</strong></span> <span class='ocrx_word' id='word_1_74' title='bbox 1130 956 1232 1006; x_wconf 87' lang='lat' dir='ltr'><strong>illis</strong></span> <span class='ocrx_word' id='word_1_75' title='bbox 1271 958 1495 1022; x_wconf 75' lang='lat' dir='ltr'><strong>optimae</strong></span> <span class='ocrx_word' id='word_1_76' title='bbox 1530 959 1745 1007; x_wconf 79' lang='lat' dir='ltr'><strong>civitatis</strong></span> <span class='ocrx_word' id='word_1_77' title='bbox 1782 957 1927 1006; x_wconf 81' lang='lat' dir='ltr'><strong>insti·</strong></span> 
     </span>
     <span class='ocr_line' id='line_1_12' title="bbox 251 1026 1927 1094; baseline -0.005 -12"><span class='ocrx_word' id='word_1_78' title='bbox 251 1032 379 1082; x_wconf 86' lang='lat' dir='ltr'><strong>tutis</strong></span> <span class='ocrx_word' id='word_1_79' title='bbox 415 1045 474 1079; x_wconf 82' lang='lat' dir='ltr'><strong>ac</strong></span> <span class='ocrx_word' id='word_1_80' title='bbox 503 1028 726 1077; x_wconf 90' lang='lat' dir='ltr'><strong>moribus</strong></span> <span class='ocrx_word' id='word_1_81' title='bbox 763 1026 1004 1076; x_wconf 82' lang='lat' dir='ltr'>facillime</span> <span class='ocrx_word' id='word_1_82' title='bbox 1056 1027 1106 1077; x_wconf 88' lang='lat' dir='ltr'><strong>in</strong></span> <span class='ocrx_word' id='word_1_83' title='bbox 1150 1030 1400 1078; x_wconf 84' lang='lat' dir='ltr'><strong>mentibus</strong></span> <span class='ocrx_word' id='word_1_84' title='bbox 1451 1030 1727 1094; x_wconf 78' lang='lat' dir='ltr'><strong>legentium</strong></span> <span class='ocrx_word' id='word_1_85' title='bbox 1778 1029 1927 1079; x_wconf 79' lang='lat' dir='ltr'><strong>etiam</strong></span> 
     </span>
     <span class='ocr_line' id='line_1_13' title="bbox 253 1098 1930 1165; baseline -0.005 -12"><span class='ocrx_word' id='word_1_86' title='bbox 253 1117 431 1153; x_wconf 88' lang='lat' dir='ltr'><strong>eorum</strong></span> <span class='ocrx_word' id='word_1_87' title='bbox 477 1098 830 1164; x_wconf 84' lang='lat' dir='ltr'><strong>cogitationem</strong></span> <span class='ocrx_word' id='word_1_88' title='bbox 877 1099 1138 1160; x_wconf 79' lang='lat' dir='ltr'><strong>renovari,</strong></span> <span class='ocrx_word' id='word_1_89' title='bbox 1186 1115 1314 1164; x_wconf 87' lang='lat' dir='ltr'><strong>quae</strong></span> <span class='ocrx_word' id='word_1_90' title='bbox 1360 1100 1425 1149; x_wconf 88' lang='lat' dir='ltr'><strong>de</strong></span> <span class='ocrx_word' id='word_1_91' title='bbox 1473 1107 1688 1165; x_wconf 83' lang='lat' dir='ltr'><strong>cognata</strong></span> <span class='ocrx_word' id='word_1_92' title='bbox 1724 1098 1930 1148; x_wconf 84' lang='lat' dir='ltr'><strong>materia</strong></span> 
     </span>
     <span class='ocr_line' id='line_1_14' title="bbox 254 1167 1932 1250; baseline -0.004 -26"><span class='ocrx_word' id='word_1_93' title='bbox 254 1176 307 1224; x_wconf 90' lang='lat' dir='ltr'><strong>in</strong></span> <span class='ocrx_word' id='word_1_94' title='bbox 341 1172 433 1221; x_wconf 90' lang='lat' dir='ltr'><strong>illo</strong></span> <span class='ocrx_word' id='word_1_95' title='bbox 470 1185 629 1236; x_wconf 87' lang='lat' dir='ltr'><strong>opere</strong></span> <span class='ocrx_word' id='word_1_96' title='bbox 666 1174 812 1219; x_wconf 75' lang='lat' dir='ltr'><strong>erant</strong></span> <span class='ocrx_word' id='word_1_97' title='bbox 837 1170 1079 1234; x_wconf 85' lang='lat' dir='ltr'><strong>exposita.</strong></span> <span class='ocrx_word' id='word_1_98' title='bbox 1153 1169 1205 1219; x_wconf 86' lang='lat' dir='ltr'><strong>Id</strong></span> <span class='ocrx_word' id='word_1_99' title='bbox 1242 1170 1374 1250; x_wconf 64' lang='lat' dir='ltr'><strong>quqd</strong></span> <span class='ocrx_word' id='word_1_100' title='bbox 1400 1172 1513 1236; x_wconf 87' lang='lat' dir='ltr'><strong>ipse</strong></span> <span class='ocrx_word' id='word_1_101' title='bbox 1539 1173 1776 1221; x_wconf 75' lang='lat' dir='ltr'><strong>Socrates</strong></span> <span class='ocrx_word' id='word_1_102' title='bbox 1800 1167 1932 1234; x_wconf 84' lang='lat' dir='ltr'><strong>apud</strong></span> 
     </span>
     <span class='ocr_line' id='line_1_15' title="bbox 253 1239 1930 1310; baseline -0.004 -15"><span class='ocrx_word' id='word_1_103' title='bbox 253 1243 517 1296; x_wconf 80' lang='lat' dir='ltr'><strong>Platonem</strong></span> <span class='ocrx_word' id='word_1_104' title='bbox 567 1239 783 1289; x_wconf 82' lang='lat' dir='ltr'><strong>efficere</strong></span> <span class='ocrx_word' id='word_1_105' title='bbox 827 1240 934 1289; x_wconf 71' lang='lat' dir='ltr'><strong>vult</strong></span> <span class='ocrx_word' id='word_1_106' title='bbox 978 1240 1144 1290; x_wconf 76' lang='lat' dir='ltr'><strong>verbis</strong></span> <span class='ocrx_word' id='word_1_107' title='bbox 1189 1242 1292 1291; x_wconf 82' lang='lat' dir='ltr'><strong>illis</strong></span> <span class='ocrx_word' id='word_1_108' title='bbox 1340 1257 1388 1307; x_wconf 91' lang='lat' dir='ltr'><strong>p.</strong></span> <span class='ocrx_word' id='word_1_109' title='bbox 1429 1242 1509 1304; x_wconf 63' lang='lat'><strong>18„</strong></span> <span class='ocrx_word' id='word_1_110' title='bbox 1551 1242 1609 1292; x_wconf 85' lang='lat' dir='ltr'><strong>C.</strong></span> <span class='ocrx_word' id='word_1_111' title='bbox 1641 1243 1788 1310; x_wconf 70' lang='grc' dir='ltr'><strong>χθές</strong></span> <span class='ocrx_word' id='word_1_112' title='bbox 1823 1256 1930 1292; x_wconf 82' lang='grc' dir='ltr'><strong>που</strong></span> 
     </span>
     <span class='ocr_line' id='line_1_16' title="bbox 253 1304 1931 1379; baseline -0.003 -13"><span class='ocrx_word' id='word_1_113' title='bbox 253 1315 365 1367; x_wconf 79' lang='grc' dir='ltr'><strong>τῶν</strong></span> <span class='ocrx_word' id='word_1_114' title='bbox 402 1308 498 1364; x_wconf 74' lang='grc' dir='ltr'><strong>ὑπ’</strong></span> <span class='ocrx_word' id='word_1_115' title='bbox 539 1310 678 1379; x_wconf 73' lang='grc' dir='ltr'><em>ἐμοῦ</em></span> <span class='ocrx_word' id='word_1_116' title='bbox 712 1309 1008 1377; x_wconf 73' lang='grc' dir='ltr'><strong>ῥηθέντων</strong></span> <span class='ocrx_word' id='word_1_117' title='bbox 1055 1307 1236 1378; x_wconf 75' lang='grc' dir='ltr'><em>λόγων</em></span> <span class='ocrx_word' id='word_1_118' title='bbox 1278 1311 1403 1379; x_wconf 73' lang='grc' dir='ltr'><strong>περὶ</strong></span> <span class='ocrx_word' id='word_1_119' title='bbox 1451 1312 1728 1373; x_wconf 82' lang='grc' dir='ltr'><strong><em>πολιτείας</em></strong></span> <span class='ocrx_word' id='word_1_120' title='bbox 1762 1304 1832 1376; x_wconf 76' lang='grc' dir='ltr'><strong>ἦν</strong></span> <span class='ocrx_word' id='word_1_121' title='bbox 1866 1305 1931 1362; x_wconf 84' lang='grc' dir='ltr'><strong>τὸ</strong></span> 
     </span>
     <span class='ocr_line' id='line_1_17' title="bbox 256 1379 1933 1458; baseline -0.002 -23"><span class='ocrx_word' id='word_1_122' title='bbox 256 1379 588 1458; x_wconf 47' lang='lat' dir='ltr'><strong>nequibam),</strong></span> <span class='ocrx_word' id='word_1_123' title='bbox 640 1383 827 1433; x_wconf 43' lang='lat' dir='ltr'><strong>oi&#39;avve</strong></span> <span class='ocrx_word' id='word_1_124' title='bbox 866 1381 958 1449; x_wconf 73' lang='grc' dir='ltr'><strong>καὶ</strong></span> <span class='ocrx_word' id='word_1_125' title='bbox 995 1380 1062 1446; x_wconf 75' lang='grc' dir='ltr'><strong>ἐξ</strong></span> <span class='ocrx_word' id='word_1_126' title='bbox 1101 1384 1271 1434; x_wconf 84' lang='grc' dir='ltr'><em>οἴων</em></span> <span class='ocrx_word' id='word_1_127' title='bbox 1308 1379 1575 1450; x_wconf 78' lang='grc' dir='ltr'><em>ἀνδρῶν</em></span> <span class='ocrx_word' id='word_1_128' title='bbox 1611 1380 1807 1448; x_wconf 80' lang='grc' dir='ltr'><em>ἀρίστη</em></span> <span class='ocrx_word' id='word_1_129' title='bbox 1845 1400 1933 1432; x_wconf 81' lang='grc' dir='ltr'><strong>κα·</strong></span> 
     </span>
     <span class='ocr_line' id='line_1_18' title="bbox 254 1448 1932 1528; baseline -0.005 -19"><span class='ocrx_word' id='word_1_130' title='bbox 254 1451 534 1528; x_wconf 62' lang='lat' dir='ltr'><strong>zaeqfcct‘v‘t’</strong></span> <span class='ocrx_word' id='word_1_131' title='bbox 586 1448 656 1504; x_wconf 68' lang='grc' dir='ltr'><strong>ὀὲί)</strong></span> <span class='ocrx_word' id='word_1_132' title='bbox 694 1453 992 1519; x_wconf 69' lang='grc' dir='ltr'><em>γενέσθαι,</em></span> <span class='ocrx_word' id='word_1_133' title='bbox 1040 1453 1404 1504; x_wconf 81' lang='lat' dir='ltr'><strong>hesternae</strong></span> <span class='ocrx_word' id='word_1_134' title='bbox 1442 1469 1673 1506; x_wconf 87' lang='lat' dir='ltr'><strong>summa</strong></span> <span class='ocrx_word' id='word_1_135' title='bbox 1709 1454 1932 1518; x_wconf 81' lang='lat' dir='ltr'><strong>dispu-</strong></span> 
     </span>
     <span class='ocr_line' id='line_1_19' title="bbox 255 1523 1934 1593; baseline -0.004 -14"><span class='ocrx_word' id='word_1_136' title='bbox 255 1526 546 1580; x_wconf 76' lang='lat' dir='ltr'><strong>tationis</strong></span> <span class='ocrx_word' id='word_1_137' title='bbox 622 1524 781 1573; x_wconf 77' lang='lat' dir='ltr'><strong>haec</strong></span> <span class='ocrx_word' id='word_1_138' title='bbox 851 1523 1016 1585; x_wconf 84' lang='lat' dir='ltr'><strong>fuit,</strong></span> <span class='ocrx_word' id='word_1_139' title='bbox 1086 1525 1300 1589; x_wconf 85' lang='lat' dir='ltr'><strong>qualis</strong></span> <span class='ocrx_word' id='word_1_140' title='bbox 1370 1529 1434 1577; x_wconf 85' lang='lat' dir='ltr'><strong>et</strong></span> <span class='ocrx_word' id='word_1_141' title='bbox 1490 1541 1563 1577; x_wconf 84' lang='lat' dir='ltr'><strong>ex</strong></span> <span class='ocrx_word' id='word_1_142' title='bbox 1624 1525 1934 1593; x_wconf 75' lang='lat' dir='ltr'><strong>qualibus</strong></span> 
     </span>
     <span class='ocr_line' id='line_1_20' title="bbox 212 1595 1174 1666; baseline -0.005 -14"><span class='ocrx_word' id='word_1_143' title='bbox 212 1610 214 1613; x_wconf 83' lang='lat'>&#39;</span> <span class='ocrx_word' id='word_1_144' title='bbox 253 1600 505 1666; x_wconf 84' lang='lat' dir='ltr'><strong>optima</strong></span> <span class='ocrx_word' id='word_1_145' title='bbox 540 1597 784 1646; x_wconf 85' lang='lat' dir='ltr'><strong>civitas</strong></span> <span class='ocrx_word' id='word_1_146' title='bbox 819 1595 1174 1648; x_wconf 83' lang='lat' dir='ltr'><strong>existeret.</strong></span> 
     </span>
    </p>
   </div>
   <div class='ocr_carea' id='block_1_3' title="bbox 183 1692 2010 2971">
    <p class='ocr_par' dir='ltr' id='par_1_3' title="bbox 183 1692 2010 2971">
     <span class='ocr_line' id='line_1_21' title="bbox 400 1692 1938 1762; baseline -0.004 -15"><span class='ocrx_word' id='word_1_147' title='bbox 400 1697 570 1762; x_wconf 82' lang='lat' dir='ltr'><strong>Atque</strong></span> <span class='ocrx_word' id='word_1_148' title='bbox 605 1694 732 1744; x_wconf 87' lang='lat' dir='ltr'><strong>baec</strong></span> <span class='ocrx_word' id='word_1_149' title='bbox 770 1694 814 1743; x_wconf 87' lang='lat' dir='ltr'><strong>si</strong></span> <span class='ocrx_word' id='word_1_150' title='bbox 849 1698 995 1743; x_wconf 86' lang='lat' dir='ltr'><strong>recte</strong></span> <span class='ocrx_word' id='word_1_151' title='bbox 1029 1694 1100 1743; x_wconf 84' lang='lat' dir='ltr'><strong>ita</strong></span> <span class='ocrx_word' id='word_1_152' title='bbox 1139 1694 1424 1756; x_wconf 83' lang='lat' dir='ltr'><strong>statuimus,</strong></span> <span class='ocrx_word' id='word_1_153' title='bbox 1461 1695 1783 1759; x_wconf 86' lang='lat' dir='ltr'><strong>perspicuum</strong></span> <span class='ocrx_word' id='word_1_154' title='bbox 1819 1692 1938 1742; x_wconf 89' lang='lat' dir='ltr'><strong>fore</strong></span> 
     </span>
     <span class='ocr_line' id='line_1_22' title="bbox 256 1765 1937 1835; baseline -0.004 -15"><span class='ocrx_word' id='word_1_155' title='bbox 256 1784 547 1835; x_wconf 82' lang='lat' dir='ltr'><strong>speramus,</strong></span> <span class='ocrx_word' id='word_1_156' title='bbox 584 1782 680 1830; x_wconf 89' lang='lat' dir='ltr'><strong>qua</strong></span> <span class='ocrx_word' id='word_1_157' title='bbox 716 1765 1088 1814; x_wconf 80' lang='lat' dir='ltr'><strong>necessitudine</strong></span> <span class='ocrx_word' id='word_1_158' title='bbox 1125 1772 1180 1815; x_wconf 92' lang='lat' dir='ltr'><strong>et</strong></span> <span class='ocrx_word' id='word_1_159' title='bbox 1216 1767 1567 1815; x_wconf 87' lang='lat' dir='ltr'><strong>coniunctione</strong></span> <span class='ocrx_word' id='word_1_160' title='bbox 1602 1765 1815 1827; x_wconf 87' lang='lat' dir='ltr'><strong>Politia,</strong></span> <span class='ocrx_word' id='word_1_161' title='bbox 1846 1765 1937 1815; x_wconf 81' lang='lat' dir='ltr'><strong>Ti-</strong></span> 
     </span>
     <span class='ocr_line' id='line_1_23' title="bbox 256 1837 1940 1899; baseline -0.005 -7"><span class='ocrx_word' id='word_1_162' title='bbox 256 1855 430 1893; x_wconf 75' lang='lat' dir='ltr'><strong>maeus</strong></span> <span class='ocrx_word' id='word_1_163' title='bbox 481 1845 533 1888; x_wconf 89' lang='lat' dir='ltr'><strong>et</strong></span> <span class='ocrx_word' id='word_1_164' title='bbox 569 1838 751 1887; x_wconf 81' lang='lat' dir='ltr'><strong>Critias</strong></span> <span class='ocrx_word' id='word_1_165' title='bbox 793 1838 930 1886; x_wconf 88' lang='lat' dir='ltr'><strong>inter</strong></span> <span class='ocrx_word' id='word_1_166' title='bbox 975 1852 1034 1885; x_wconf 83' lang='lat' dir='ltr'><strong>se</strong></span> <span class='ocrx_word' id='word_1_167' title='bbox 1081 1838 1444 1888; x_wconf 84' lang='lat' dir='ltr'><strong>contineantur.</strong></span> <span class='ocrx_word' id='word_1_168' title='bbox 1517 1837 1613 1886; x_wconf 73' lang='lat' dir='ltr'><strong>Est</strong></span> <span class='ocrx_word' id='word_1_169' title='bbox 1649 1843 1778 1886; x_wconf 83' lang='lat' dir='ltr'><strong>enim</strong></span> <span class='ocrx_word' id='word_1_170' title='bbox 1816 1850 1940 1899; x_wconf 90' lang='lat' dir='ltr'><strong>pro-</strong></span> 
     </span>
     <span class='ocr_line' id='line_1_24' title="bbox 258 1907 1937 1973; baseline -0.005 -10"><span class='ocrx_word' id='word_1_171' title='bbox 258 1913 403 1962; x_wconf 82' lang='lat' dir='ltr'><strong>fecto</strong></span> <span class='ocrx_word' id='word_1_172' title='bbox 443 1925 538 1960; x_wconf 89' lang='lat' dir='ltr'><strong>non</strong></span> <span class='ocrx_word' id='word_1_173' title='bbox 576 1908 702 1957; x_wconf 79' lang='lat' dir='ltr'><strong>alius</strong></span> <span class='ocrx_word' id='word_1_174' title='bbox 738 1908 919 1957; x_wconf 84' lang='lat' dir='ltr'><strong>horum</strong></span> <span class='ocrx_word' id='word_1_175' title='bbox 955 1908 1195 1957; x_wconf 88' lang='lat' dir='ltr'><strong>librorum</strong></span> <span class='ocrx_word' id='word_1_176' title='bbox 1230 1924 1404 1969; x_wconf 85' lang='lat' dir='ltr'><strong>nexus,</strong></span> <span class='ocrx_word' id='word_1_177' title='bbox 1443 1924 1587 1972; x_wconf 87' lang='lat' dir='ltr'><strong>quam</strong></span> <span class='ocrx_word' id='word_1_178' title='bbox 1627 1925 1772 1973; x_wconf 87' lang='lat' dir='ltr'><strong>quem</strong></span> <span class='ocrx_word' id='word_1_179' title='bbox 1791 1907 1937 1956; x_wconf 87' lang='lat' dir='ltr'><strong>Plato</strong></span> 
     </span>
     <span class='ocr_line' id='line_1_25' title="bbox 258 1974 1938 2048; baseline -0.004 -14"><span class='ocrx_word' id='word_1_180' title='bbox 258 1986 370 2048; x_wconf 89' lang='lat' dir='ltr'><strong>ipse</strong></span> <span class='ocrx_word' id='word_1_181' title='bbox 404 1980 716 2046; x_wconf 82' lang='lat' dir='ltr'><strong>significavit.</strong></span> <span class='ocrx_word' id='word_1_182' title='bbox 787 1974 1078 2035; x_wconf 83' lang='lat' dir='ltr'><strong>Enimvero</strong></span> <span class='ocrx_word' id='word_1_183' title='bbox 1107 1995 1234 2043; x_wconf 89' lang='lat' dir='ltr'><strong>quos</strong></span> <span class='ocrx_word' id='word_1_184' title='bbox 1269 1980 1508 2029; x_wconf 78' lang='lat' dir='ltr'><strong>Socrates</strong></span> <span class='ocrx_word' id='word_1_185' title='bbox 1555 1981 1606 2029; x_wconf 90' lang='lat' dir='ltr'><strong>in</strong></span> <span class='ocrx_word' id='word_1_186' title='bbox 1644 1978 1830 2029; x_wconf 84' lang='lat' dir='ltr'><strong>Politia</strong></span> <span class='ocrx_word' id='word_1_187' title='bbox 1863 1978 1938 2030; x_wconf 86' lang='lat' dir='ltr'><strong>in·</strong></span> 
     </span>
     <span class='ocr_line' id='line_1_26' title="bbox 259 2050 1937 2117; baseline -0.003 -13"><span class='ocrx_word' id='word_1_188' title='bbox 259 2054 499 2104; x_wconf 86' lang='lat' dir='ltr'><strong>formavit</strong></span> <span class='ocrx_word' id='word_1_189' title='bbox 546 2059 697 2117; x_wconf 84' lang='lat' dir='ltr'><strong>atque</strong></span> <span class='ocrx_word' id='word_1_190' title='bbox 743 2050 962 2099; x_wconf 84' lang='lat' dir='ltr'><strong>instituit</strong></span> <span class='ocrx_word' id='word_1_191' title='bbox 1006 2050 1226 2114; x_wconf 85' lang='lat' dir='ltr'><strong>optimae</strong></span> <span class='ocrx_word' id='word_1_192' title='bbox 1273 2051 1581 2114; x_wconf 82' lang='lat' dir='ltr'><strong>reipublicae</strong></span> <span class='ocrx_word' id='word_1_193' title='bbox 1629 2051 1798 2112; x_wconf 84' lang='lat' dir='ltr'><strong>cives,</strong></span> <span class='ocrx_word' id='word_1_194' title='bbox 1847 2064 1937 2099; x_wconf 81' lang='lat' dir='ltr'><strong>eos</strong></span> 
     </span>
     <span class='ocr_line' id='line_1_27' title="bbox 260 2121 1938 2187; baseline -0.004 -11"><span class='ocrx_word' id='word_1_195' title='bbox 260 2126 500 2178; x_wconf 81' lang='lat' dir='ltr'><strong>Timaeus</strong></span> <span class='ocrx_word' id='word_1_196' title='bbox 543 2124 593 2172; x_wconf 90' lang='lat' dir='ltr'><strong>in</strong></span> <span class='ocrx_word' id='word_1_197' title='bbox 641 2122 938 2186; x_wconf 80' lang='lat' dir='ltr'><strong>cognomine</strong></span> <span class='ocrx_word' id='word_1_198' title='bbox 984 2121 1184 2187; x_wconf 81' lang='lat' dir='ltr'><strong>dialogo</strong></span> <span class='ocrx_word' id='word_1_199' title='bbox 1234 2122 1375 2186; x_wconf 85' lang='lat' dir='ltr'><strong>quasi</strong></span> <span class='ocrx_word' id='word_1_200' title='bbox 1420 2122 1582 2187; x_wconf 80' lang='lat' dir='ltr'><strong>gignit</strong></span> <span class='ocrx_word' id='word_1_201' title='bbox 1624 2127 1775 2186; x_wconf 88' lang='lat' dir='ltr'><strong>atque</strong></span> <span class='ocrx_word' id='word_1_202' title='bbox 1819 2135 1938 2184; x_wconf 87' lang='lat' dir='ltr'><strong>pro-</strong></span> 
     </span>
     <span class='ocr_line' id='line_1_28' title="bbox 262 2190 1940 2258; baseline -0.004 -11"><span class='ocrx_word' id='word_1_203' title='bbox 262 2201 404 2247; x_wconf 87' lang='lat' dir='ltr'><strong>creat</strong></span> <span class='ocrx_word' id='word_1_204' title='bbox 442 2195 599 2254; x_wconf 90' lang='lat' dir='ltr'><strong>tales,</strong></span> <span class='ocrx_word' id='word_1_205' title='bbox 649 2194 734 2258; x_wconf 89' lang='lat' dir='ltr'><strong>qui</strong></span> <span class='ocrx_word' id='word_1_206' title='bbox 779 2193 975 2257; x_wconf 81' lang='lat' dir='ltr'><strong>possint</strong></span> <span class='ocrx_word' id='word_1_207' title='bbox 1013 2193 1188 2256; x_wconf 87' lang='lat' dir='ltr'><strong>optimi</strong></span> <span class='ocrx_word' id='word_1_208' title='bbox 1231 2208 1376 2254; x_wconf 87' lang='lat' dir='ltr'><strong>esse,</strong></span> <span class='ocrx_word' id='word_1_209' title='bbox 1422 2193 1668 2258; x_wconf 87' lang='lat' dir='ltr'><strong>siquidem</strong></span> <span class='ocrx_word' id='word_1_210' title='bbox 1702 2208 1731 2241; x_wconf 86' lang='lat' dir='ltr'><strong>a</strong></span> <span class='ocrx_word' id='word_1_211' title='bbox 1772 2190 1940 2240; x_wconf 88' lang='lat' dir='ltr'><strong>mundi</strong></span> 
     </span>
     <span class='ocr_line' id='line_1_29' title="bbox 262 2263 1940 2328; baseline -0.004 -10"><span class='ocrx_word' id='word_1_212' title='bbox 262 2268 522 2327; x_wconf 83' lang='lat' dir='ltr'><strong>creatione</strong></span> <span class='ocrx_word' id='word_1_213' title='bbox 559 2279 767 2314; x_wconf 87' lang='lat' dir='ltr'><strong>exorsus</strong></span> <span class='ocrx_word' id='word_1_214' title='bbox 816 2280 924 2313; x_wconf 91' lang='lat' dir='ltr'><strong>rem</strong></span> <span class='ocrx_word' id='word_1_215' title='bbox 958 2263 1162 2313; x_wconf 86' lang='lat' dir='ltr'><strong>deducit</strong></span> <span class='ocrx_word' id='word_1_216' title='bbox 1195 2263 1255 2312; x_wconf 90' lang='lat' dir='ltr'><strong>ad</strong></span> <span class='ocrx_word' id='word_1_217' title='bbox 1295 2264 1525 2313; x_wconf 85' lang='lat' dir='ltr'><strong>homines</strong></span> <span class='ocrx_word' id='word_1_218' title='bbox 1562 2271 1714 2328; x_wconf 82' lang='lat' dir='ltr'><strong>utque</strong></span> <span class='ocrx_word' id='word_1_219' title='bbox 1748 2264 1940 2327; x_wconf 89' lang='lat' dir='ltr'><strong>pariter</strong></span> 
     </span>
     <span class='ocr_line' id='line_1_30' title="bbox 261 2333 1938 2401; baseline -0.005 -11"><span class='ocrx_word' id='word_1_220' title='bbox 261 2339 519 2390; x_wconf 85' lang='lat' dir='ltr'><strong>hominum</strong></span> <span class='ocrx_word' id='word_1_221' title='bbox 556 2343 708 2401; x_wconf 89' lang='lat' dir='ltr'><strong>atque</strong></span> <span class='ocrx_word' id='word_1_222' title='bbox 743 2350 912 2384; x_wconf 88' lang='lat' dir='ltr'><strong>rerum</strong></span> <span class='ocrx_word' id='word_1_223' title='bbox 948 2341 1173 2384; x_wconf 87' lang='lat' dir='ltr'><strong>naturam</strong></span> <span class='ocrx_word' id='word_1_224' title='bbox 1195 2333 1256 2384; x_wconf 85' lang='lat' dir='ltr'><strong>ad</strong></span> <span class='ocrx_word' id='word_1_225' title='bbox 1295 2335 1408 2384; x_wconf 89' lang='lat' dir='ltr'><strong>boni</strong></span> <span class='ocrx_word' id='word_1_226' title='bbox 1429 2336 1692 2400; x_wconf 89' lang='lat' dir='ltr'><strong>pulcriqne</strong></span> <span class='ocrx_word' id='word_1_227' title='bbox 1716 2334 1938 2399; x_wconf 87' lang='lat' dir='ltr'><strong>speciem</strong></span> 
     </span>
     <span class='ocr_line' id='line_1_31' title="bbox 261 2403 1938 2472; baseline -0.004 -12"><span class='ocrx_word' id='word_1_228' title='bbox 261 2411 450 2460; x_wconf 86' lang='lat' dir='ltr'><strong>factam</strong></span> <span class='ocrx_word' id='word_1_229' title='bbox 511 2423 627 2456; x_wconf 90' lang='lat' dir='ltr'><strong>esse</strong></span> <span class='ocrx_word' id='word_1_230' title='bbox 675 2406 865 2455; x_wconf 88' lang='lat' dir='ltr'><strong>docere</strong></span> <span class='ocrx_word' id='word_1_231' title='bbox 910 2411 1147 2466; x_wconf 82' lang='lat' dir='ltr'><strong>conatur3</strong></span> <span class='ocrx_word' id='word_1_232' title='bbox 1210 2405 1426 2472; x_wconf 87' lang='lat' dir='ltr'><strong>denique</strong></span> <span class='ocrx_word' id='word_1_233' title='bbox 1489 2406 1674 2455; x_wconf 83' lang='lat' dir='ltr'><strong>Critias</strong></span> <span class='ocrx_word' id='word_1_234' title='bbox 1733 2403 1938 2454; x_wconf 83' lang='lat' dir='ltr'><strong>eosdem</strong></span> 
     </span>
     <span class='ocr_line' id='line_1_32' title="bbox 261 2477 1939 2542; baseline -0.005 -9"><span class='ocrx_word' id='word_1_235' title='bbox 261 2482 575 2534; x_wconf 86' lang='lat' dir='ltr'><strong>Athenarum</strong></span> <span class='ocrx_word' id='word_1_236' title='bbox 612 2493 811 2528; x_wconf 86' lang='lat' dir='ltr'><strong>suarum</strong></span> <span class='ocrx_word' id='word_1_237' title='bbox 839 2477 972 2526; x_wconf 83' lang='lat' dir='ltr'><strong>cives</strong></span> <span class='ocrx_word' id='word_1_238' title='bbox 1008 2477 1134 2527; x_wconf 83' lang='lat' dir='ltr'><strong>facit</strong></span> <span class='ocrx_word' id='word_1_239' title='bbox 1163 2493 1325 2542; x_wconf 89' lang='lat' dir='ltr'><strong>eoque</strong></span> <span class='ocrx_word' id='word_1_240' title='bbox 1360 2477 1511 2527; x_wconf 89' lang='lat' dir='ltr'><strong>modo</strong></span> <span class='ocrx_word' id='word_1_241' title='bbox 1547 2477 1790 2532; x_wconf 78' lang='lat' dir='ltr'><strong>ostendit.</strong></span> <span class='ocrx_word' id='word_1_242' title='bbox 1825 2491 1939 2541; x_wconf 88' lang='lat' dir='ltr'><strong>per-</strong></span> 
     </span>
     <span class='ocr_line' id='line_1_33' title="bbox 263 2549 1942 2614; baseline -0.005 -11"><span class='ocrx_word' id='word_1_243' title='bbox 263 2553 391 2604; x_wconf 87' lang='lat' dir='ltr'><strong>fecti</strong></span> <span class='ocrx_word' id='word_1_244' title='bbox 436 2551 653 2600; x_wconf 87' lang='lat' dir='ltr'><strong>hominis</strong></span> <span class='ocrx_word' id='word_1_245' title='bbox 700 2549 1015 2613; x_wconf 84' lang='lat' dir='ltr'><strong>civitatisque</strong></span> <span class='ocrx_word' id='word_1_246' title='bbox 1062 2550 1346 2614; x_wconf 83' lang='lat' dir='ltr'><strong>exemplar,</strong></span> <span class='ocrx_word' id='word_1_247' title='bbox 1401 2549 1502 2598; x_wconf 85' lang='lat' dir='ltr'><strong>etsi</strong></span> <span class='ocrx_word' id='word_1_248' title='bbox 1558 2550 1654 2598; x_wconf 86' lang='lat' dir='ltr'><strong>iam</strong></span> <span class='ocrx_word' id='word_1_249' title='bbox 1702 2563 1942 2612; x_wconf 83' lang='lat' dir='ltr'><strong>nusquam</strong></span> 
     </span>
     <span class='ocr_line' id='line_1_34' title="bbox 265 2619 1942 2685; baseline -0.005 -11"><span class='ocrx_word' id='word_1_250' title='bbox 265 2628 439 2684; x_wconf 88' lang='lat' dir='ltr'><strong>extet,</strong></span> <span class='ocrx_word' id='word_1_251' title='bbox 487 2627 655 2671; x_wconf 85' lang='lat' dir='ltr'><strong>tamen</strong></span> <span class='ocrx_word' id='word_1_252' title='bbox 701 2621 880 2685; x_wconf 82' lang='lat' dir='ltr'><strong>priscis</strong></span> <span class='ocrx_word' id='word_1_253' title='bbox 925 2620 1026 2669; x_wconf 90' lang='lat' dir='ltr'><strong>illis</strong></span> <span class='ocrx_word' id='word_1_254' title='bbox 1071 2621 1412 2684; x_wconf 79' lang='lat' dir='ltr'><strong>temporibus,</strong></span> <span class='ocrx_word' id='word_1_255' title='bbox 1460 2619 1639 2684; x_wconf 87' lang='lat' dir='ltr'><strong>quibus</strong></span> <span class='ocrx_word' id='word_1_256' title='bbox 1676 2634 1845 2667; x_wconf 89' lang='lat' dir='ltr'><strong>mores</strong></span> <span class='ocrx_word' id='word_1_257' title='bbox 1886 2624 1942 2667; x_wconf 89' lang='lat' dir='ltr'><strong>et</strong></span> 
     </span>
     <span class='ocr_line' id='line_1_35' title="bbox 183 2690 2010 2761; baseline -0.005 -15"><span class='ocrx_word' id='word_1_258' title='bbox 183 2731 187 2739; x_wconf 90' lang='lat'><em>-</em></span> <span class='ocrx_word' id='word_1_259' title='bbox 263 2697 465 2761; x_wconf 80' lang='lat' dir='ltr'><strong>ingenia</strong></span> <span class='ocrx_word' id='word_1_260' title='bbox 499 2694 756 2742; x_wconf 84' lang='lat' dir='ltr'><strong>hominum</strong></span> <span class='ocrx_word' id='word_1_261' title='bbox 794 2690 1011 2741; x_wconf 88' lang='lat' dir='ltr'><strong>nondum</strong></span> <span class='ocrx_word' id='word_1_262' title='bbox 1046 2690 1237 2740; x_wconf 88' lang='lat' dir='ltr'><strong>suerint</strong></span> <span class='ocrx_word' id='word_1_263' title='bbox 1271 2691 1397 2739; x_wconf 87' lang='lat' dir='ltr'><strong>adeo</strong></span> <span class='ocrx_word' id='word_1_264' title='bbox 1437 2690 1700 2753; x_wconf 76' lang='lat' dir='ltr'><strong>depravata</strong></span> <span class='ocrx_word' id='word_1_265' title='bbox 1738 2694 1792 2738; x_wconf 87' lang='lat' dir='ltr'><strong>et</strong></span> <span class='ocrx_word' id='word_1_266' title='bbox 1827 2704 1942 2738; x_wconf 90' lang='lat' dir='ltr'><strong>cor-</strong></span> <span class='ocrx_word' id='word_1_267' title='bbox 2004 2698 2010 2705; x_wconf 82' lang='grc'><em>“</em></span> 
     </span>
     <span class='ocr_line' id='line_1_36' title="bbox 265 2761 1943 2831; baseline -0.003 -15"><span class='ocrx_word' id='word_1_268' title='bbox 265 2772 432 2831; x_wconf 87' lang='lat' dir='ltr'><strong>rupta,</strong></span> <span class='ocrx_word' id='word_1_269' title='bbox 467 2781 566 2814; x_wconf 90' lang='lat' dir='ltr'><strong>non</strong></span> <span class='ocrx_word' id='word_1_270' title='bbox 603 2765 798 2813; x_wconf 78' lang='lat' dir='ltr'><strong>avitae</strong></span> <span class='ocrx_word' id='word_1_271' title='bbox 832 2764 1047 2810; x_wconf 72' lang='lat' dir='ltr'><strong>veritate</strong></span> <span class='ocrx_word' id='word_1_272' title='bbox 1070 2763 1408 2810; x_wconf 81' lang='lat' dir='ltr'><strong>abhorruisse.</strong></span> <span class='ocrx_word' id='word_1_273' title='bbox 1481 2761 1611 2810; x_wconf 78' lang='lat' dir='ltr'><strong>Tum</strong></span> <span class='ocrx_word' id='word_1_274' title='bbox 1650 2762 1782 2809; x_wconf 91' lang='lat' dir='ltr'><strong>enim</strong></span> <span class='ocrx_word' id='word_1_275' title='bbox 1818 2770 1943 2825; x_wconf 77' lang='lat' dir='ltr'><strong>gens</strong></span> 
     </span>
     <span class='ocr_line' id='line_1_37' title="bbox 263 2833 1944 2901; baseline -0.005 -14"><span class='ocrx_word' id='word_1_276' title='bbox 263 2838 478 2888; x_wconf 78' lang='lat' dir='ltr'><strong>lnunaua</strong></span> <span class='ocrx_word' id='word_1_277' title='bbox 516 2837 610 2884; x_wconf 87' lang='lat' dir='ltr'><strong>diis</strong></span> <span class='ocrx_word' id='word_1_278' title='bbox 646 2835 852 2901; x_wconf 84' lang='lat' dir='ltr'><strong>propior</strong></span> <span class='ocrx_word' id='word_1_279' title='bbox 888 2833 986 2882; x_wconf 87' lang='lat' dir='ltr'><strong>suit</strong></span> <span class='ocrx_word' id='word_1_280' title='bbox 1021 2833 1236 2898; x_wconf 89' lang='lat' dir='ltr'><strong>ideoque</strong></span> <span class='ocrx_word' id='word_1_281' title='bbox 1272 2834 1422 2881; x_wconf 86' lang='lat' dir='ltr'><strong>etiam</strong></span> <span class='ocrx_word' id='word_1_282' title='bbox 1457 2833 1788 2894; x_wconf 81' lang='lat' dir='ltr'><strong>innocentior,</strong></span> <span class='ocrx_word' id='word_1_283' title='bbox 1825 2846 1944 2881; x_wconf 88' lang='lat' dir='ltr'><strong>san-</strong></span> 
     </span>
     <span class='ocr_line' id='line_1_38' title="bbox 267 2904 1560 2971; baseline -0.005 -13"><span class='ocrx_word' id='word_1_284' title='bbox 267 2909 427 2971; x_wconf 90' lang='lat' dir='ltr'><strong>ctior,</strong></span> <span class='ocrx_word' id='word_1_285' title='bbox 463 2907 668 2970; x_wconf 84' lang='lat' dir='ltr'><strong>sortior,</strong></span> <span class='ocrx_word' id='word_1_286' title='bbox 704 2905 920 2970; x_wconf 86' lang='lat' dir='ltr'><strong>denique</strong></span> <span class='ocrx_word' id='word_1_287' title='bbox 957 2910 1162 2954; x_wconf 88' lang='lat' dir='ltr'><strong>naturae</strong></span> <span class='ocrx_word' id='word_1_288' title='bbox 1200 2905 1298 2970; x_wconf 91' lang='lat' dir='ltr'><strong>ipsi</strong></span> <span class='ocrx_word' id='word_1_289' title='bbox 1334 2904 1560 2953; x_wconf 87' lang='lat' dir='ltr'><strong>similior.</strong></span> 
     </span>
    </p>
   </div>
   <div class='ocr_carea' id='block_1_4' title="bbox 206 3015 1944 3440">
    <p class='ocr_par' dir='ltr' id='par_1_4' title="bbox 267 3015 1942 3229">
     <span class='ocr_line' id='line_1_39' title="bbox 409 3015 1942 3083; baseline -0.005 -15"><span class='ocrx_word' id='word_1_290' title='bbox 409 3020 509 3069; x_wconf 78' lang='lat' dir='ltr'><strong>Sed</strong></span> <span class='ocrx_word' id='word_1_291' title='bbox 546 3021 674 3068; x_wconf 84' lang='lat' dir='ltr'><strong>haec</strong></span> <span class='ocrx_word' id='word_1_292' title='bbox 710 3017 910 3083; x_wconf 83' lang='lat' dir='ltr'><strong>quidem</strong></span> <span class='ocrx_word' id='word_1_293' title='bbox 960 3019 1083 3077; x_wconf 72' lang='lat' dir='ltr'><strong>satis</strong></span> <span class='ocrx_word' id='word_1_294' title='bbox 1122 3024 1286 3068; x_wconf 86' lang='lat' dir='ltr'><strong>sunto.</strong></span> <span class='ocrx_word' id='word_1_295' title='bbox 1359 3017 1587 3068; x_wconf 85' lang='lat' dir='ltr'><strong>Vidimus</strong></span> <span class='ocrx_word' id='word_1_296' title='bbox 1622 3015 1753 3063; x_wconf 89' lang='lat' dir='ltr'><strong>enim</strong></span> <span class='ocrx_word' id='word_1_297' title='bbox 1791 3018 1942 3077; x_wconf 83' lang='lat' dir='ltr'><strong>atque</strong></span> 
     </span>
     <span class='ocr_line' id='line_1_40' title="bbox 267 3084 1942 3154; baseline -0.006 -12"><span class='ocrx_word' id='word_1_298' title='bbox 267 3091 635 3153; x_wconf 81' lang='lat' dir='ltr'><strong>intelleximus,</strong></span> <span class='ocrx_word' id='word_1_299' title='bbox 689 3105 928 3153; x_wconf 86' lang='lat' dir='ltr'><strong>quorsum</strong></span> <span class='ocrx_word' id='word_1_300' title='bbox 963 3090 1214 3154; x_wconf 80' lang='lat' dir='ltr'><strong>pertineat</strong></span> <span class='ocrx_word' id='word_1_301' title='bbox 1247 3089 1333 3138; x_wconf 83' lang='lat' dir='ltr'><strong>illa</strong></span> <span class='ocrx_word' id='word_1_302' title='bbox 1368 3089 1555 3139; x_wconf 89' lang='lat' dir='ltr'><strong>mentio</strong></span> <span class='ocrx_word' id='word_1_303' title='bbox 1591 3084 1942 3149; x_wconf 83' lang='lat' dir='ltr'><strong>disputationis</strong></span> 
     </span>
     <span class='ocr_line' id='line_1_41' title="bbox 269 3159 1942 3229; baseline -0.004 -18"><span class='ocrx_word' id='word_1_304' title='bbox 269 3162 335 3212; x_wconf 86' lang='lat' dir='ltr'><strong>de</strong></span> <span class='ocrx_word' id='word_1_305' title='bbox 383 3164 569 3226; x_wconf 85' lang='lat' dir='ltr'><strong>optima</strong></span> <span class='ocrx_word' id='word_1_306' title='bbox 620 3162 822 3209; x_wconf 69' lang='lat' dir='ltr'><strong>cixitate</strong></span> <span class='ocrx_word' id='word_1_307' title='bbox 869 3162 934 3229; x_wconf 39' lang='lat' dir='ltr'><strong>in!</strong></span> <span class='ocrx_word' id='word_1_308' title='bbox 957 3161 1200 3225; x_wconf 88' lang='lat' dir='ltr'><strong>principio</strong></span> <span class='ocrx_word' id='word_1_309' title='bbox 1250 3160 1364 3209; x_wconf 85' lang='lat' dir='ltr'><strong>libri</strong></span> <span class='ocrx_word' id='word_1_310' title='bbox 1399 3159 1563 3217; x_wconf 86' lang='lat' dir='ltr'><strong>facta,</strong></span> <span class='ocrx_word' id='word_1_311' title='bbox 1618 3164 1671 3206; x_wconf 84' lang='lat' dir='ltr'><strong>et</strong></span> <span class='ocrx_word' id='word_1_312' title='bbox 1706 3161 1942 3221; x_wconf 72' lang='lat' dir='ltr'><strong>quantum</strong></span> 
     </span>
    </p>

    <p class='ocr_par' dir='ltr' id='par_1_5' title="bbox 206 3228 1944 3440">
     <span class='ocr_line' id='line_1_42' title="bbox 206 3228 1944 3293; baseline -0.005 -10"><span class='ocrx_word' id='word_1_313' title='bbox 206 3230 208 3235; x_wconf 50' lang='lat'><strong>⁴</strong></span> <span class='ocrx_word' id='word_1_314' title='bbox 273 3250 334 3283; x_wconf 89' lang='lat' dir='ltr'><strong>ea</strong></span> <span class='ocrx_word' id='word_1_315' title='bbox 366 3234 528 3282; x_wconf 84' lang='lat' dir='ltr'><strong>valeat</strong></span> <span class='ocrx_word' id='word_1_316' title='bbox 563 3232 622 3280; x_wconf 89' lang='lat' dir='ltr'><strong>ad</strong></span> <span class='ocrx_word' id='word_1_317' title='bbox 659 3232 1093 3281; x_wconf 82' lang='lat' dir='ltr'><strong>demonstrandam</strong></span> <span class='ocrx_word' id='word_1_318' title='bbox 1130 3231 1582 3289; x_wconf 86' lang='lat' dir='ltr'><strong>necessitudinem,</strong></span> <span class='ocrx_word' id='word_1_319' title='bbox 1632 3244 1759 3293; x_wconf 87' lang='lat' dir='ltr'><strong>quae</strong></span> <span class='ocrx_word' id='word_1_320' title='bbox 1811 3228 1944 3275; x_wconf 88' lang='lat' dir='ltr'><strong>inter</strong></span> 
     </span>
     <span class='ocr_line' id='line_1_43' title="bbox 268 3298 1942 3366; baseline -0.005 -12"><span class='ocrx_word' id='word_1_321' title='bbox 268 3305 532 3354; x_wconf 78' lang='lat' dir='ltr'><strong>Timaeum</strong></span> <span class='ocrx_word' id='word_1_322' title='bbox 579 3309 729 3366; x_wconf 84' lang='lat' dir='ltr'><strong>atque</strong></span> <span class='ocrx_word' id='word_1_323' title='bbox 777 3303 896 3351; x_wconf 85' lang='lat' dir='ltr'><strong>alias</strong></span> <span class='ocrx_word' id='word_1_324' title='bbox 946 3302 1236 3366; x_wconf 84' lang='lat' dir='ltr'><strong>philosophi</strong></span> <span class='ocrx_word' id='word_1_325' title='bbox 1282 3303 1584 3366; x_wconf 88' lang='lat' dir='ltr'><strong>scriptiones</strong></span> <span class='ocrx_word' id='word_1_326' title='bbox 1644 3298 1942 3350; x_wconf 86' lang='lat' dir='ltr'><strong>intercedat.</strong></span> 
     </span>
     <span class='ocr_line' id='line_1_44' title="bbox 267 3368 1944 3440; baseline -0.005 -13"><span class='ocrx_word' id='word_1_327' title='bbox 267 3374 446 3440; x_wconf 84' lang='lat' dir='ltr'><strong>Neque</strong></span> <span class='ocrx_word' id='word_1_328' title='bbox 495 3374 644 3425; x_wconf 88' lang='lat' dir='ltr'><strong>etiam</strong></span> <span class='ocrx_word' id='word_1_329' title='bbox 693 3375 1032 3424; x_wconf 87' lang='lat' dir='ltr'><strong>necessarium</strong></span> <span class='ocrx_word' id='word_1_330' title='bbox 1068 3374 1295 3437; x_wconf 77' lang='lat' dir='ltr'><strong>videtur,</strong></span> <span class='ocrx_word' id='word_1_331' title='bbox 1344 3379 1400 3424; x_wconf 89' lang='lat' dir='ltr'><strong>ut</strong></span> <span class='ocrx_word' id='word_1_332' title='bbox 1444 3387 1541 3439; x_wconf 88' lang='lat' dir='ltr'><strong>quo</strong></span> <span class='ocrx_word' id='word_1_333' title='bbox 1579 3375 1811 3437; x_wconf 87' lang='lat' dir='ltr'><strong>tempore</strong></span> <span class='ocrx_word' id='word_1_334' title='bbox 1847 3368 1944 3420; x_wconf 89' lang='lat' dir='ltr'><strong>Ti-</strong></span> 
     </span>
    </p>
   </div>
  </div>
 </body>
</html>
