2072 3698
626 179 725 234 DE·
756 179 983 233 cR1T¹A
1016 175 1372 236 PLATONIS.
1730 181 1838 234 375

148 314 300 376 allata
346 328 402 375 et
447 322 510 376 ad
542 328 780 391 posteros
815 330 1107 395 propagata.
1177 324 1350 397 ltaque
1383 338 1477 375 nos
1510 323 1561 374 in
1598 339 1706 378 eam
1743 325 1835 374 de·

151 390 289 447 ducti
324 397 622 465 sententiam
659 411 857 456 sumus,
892 403 950 461 ut
986 397 1249 449 Platonem
1283 398 1626 459 existimemus
1662 412 1833 444 narra-

95 516 99 520 ,
149 469 339 518 tionem
377 468 588 532 aliquam
619 467 936 517 sacerdotum
977 469 1357 534 Aegyptiorum,
1394 483 1540 551 quam
1575 467 1690 532 ipse
1727 466 1832 515 for-

150 544 290 589 tasse
325 539 375 588 in
409 539 645 603 Aegypto
677 540 979 626 accepisset,
1013 541 1247 611 universo
1283 539 1428 605 operi
1462 543 1690 604 tanquam
1720 537 1834 587 fun-

137 610 438 677 damentum
485 608 792 672 subiecisse,
842 610 932 660 sed
979 607 1087 659 eam
1133 611 1344 671 iussisse
1391 626 1486 675 per
1520 608 1727 658 critiam
1763 610 1837 657 ita

152 679 394 745 illustrari
438 680 590 747 atque
643 677 903 740 exornari,
949 686 1008 732 ut
1053 683 1106 753 in
1151 682 1361 749 singulis
1398 682 1624 770 partibus
1660 681 1836 747 utique

150 753 214 804 ab
246 751 490 823 historiae
524 750 626 801 fide
661 750 1009 820 recederetur.

292 850 443 914 Quod
495 849 696 916 quidem
756 851 826 900 ita
884 868 1004 913 3333
1056 841 1270 919 praeter
1322 850 1511 912 Critiae
1565 865 1837 917 personam

155 921 307 979 etiam
345 922 440 971 alia
473 927 592 971 sunt
626 937 753 988 (1333
789 923 1056 974 admodum
1091 923 1361 973 verisimile
1395 922 1611 991 reddere
1635 922 1837 971 videan-

148 998 250 1044 tur.
332 992 463 1060 Quid
512 994 687 1043 enim‘2
733 1008 899 1043 nonne
946 994 1093 1045 Plato
1141 995 1334 1064 diserte
1383 989 1632 1060 originem
1665 1008 1838 1042 narra·-

148 1056 306 1115 tionis
351 1065 655 1132 Aegyptiam
703 1080 823 1125 3333
864 1054 1151 1151 significat‘l
1201 1071 1254 1123 et
1299 1081 1465 1125 nonne
1501 1056 1652 1126 etiam
1688 1064 1839 1114 Solo-

152 1150 270 1186 nem
306 1142 476 1185 narrat
511 1151 623 1206 eam
657 1128 891 1202 tanquam
926 1139 1158 1187 carminis
1196 1143 1544 1202 argumentum
1582 1137 1838 1203 copiosius

0 1249 1 1286 3
85 1263 89 1267 .
147 1211 399 1261 tractare
417 1211 571 1272 atque
610 1205 869 1263 iilustrare
920 1199 1179 1259 voluisse‘l
1256 1207 1398 1257 Haec
1460 1208 1625 1256 omnia
1681 1208 1843 1272 igitur

150 1278 286 1343 apud
319 1292 414 1330 nos
451 1277 651 1347 quidem
691 1295 752 1328 eo
789 1280 980 1329 taient.
1015 1286 1073 1329 ut
1108 1279 1316 1329 Critiam
1354 1294 1646 1328 censeamus
1683 1278 1846 1328 simil-

145 1348 323 1403 limum
370 1364 488 1399 esse
535 1348 741 1399 fabulae
776 1350 926 1402 alicui
958 1351 1294 1424 Romanensi‚
1339 1349 1585 1425 historiae
1626 1351 1842 1435 veritate

146 1435 250 1492 non
285 1422 487 1488 omnino
523 1419 840 1488 destitutae

290 1518 396 1569 Iam
442 1534 565 1593 vero
612 1518 712 1569 hoc
750 1520 795 1573 si
830 1520 900 1591 ita
937 1523 1046 1584 est,
1095 1518 1338 1586 profecto
1373 1536 1620 1589 quaerere
1654 1535 1845 1587 operae

149 1591 370 1657 pretium
422 1589 550 1652 erit,
600 1607 844 1657 quaenam
876 1592 1078 1641 tandem
1114 1591 1284 1647 insula
1318 1593 1522 1655 nomine
1553 1593 1843 1664 Atlantidos

149 1663 457 1731 designetur.
526 1661 604 1711 De
655 1678 750 1729 qua
795 1677 856 1712 re
893 1654 993 1712 etsi
1028 1661 1154 1711 nihil
1186 1660 1354 1725 video
1370 1665 1649 1726 accuratius
1688 1679 1844 1730 Ρ3333

150 1734 382 1809 definiri2
413 1738 591 1806 tamen
619 1734 764 1784 nobis
802 1749 878 1801 ea,
915 1748 1043 1800 quae
1079 1731 1144 1782 de
1180 1734 1283 1783 situ
1317 1722 1481 1799 deque
1502 1723 1845 1801 magnitudine

152 1809 207 1866 et
246 1802 496 1870 potentia
521 1804 792 1868 Atlantidis
851 1804 1145 1872 traduntur,
1203 1806 1591 1875 respicientibus
1639 1822 1844 1872 semper

156 1877 319 1926 visum
355 1879 438 1933 est
481 1875 580 1937 iam
632 1875 993 1946 antiquissimis
1028 1875 1181 1925 Asiae
1213 1878 1417 1951 populis
1461 1878 1713 1944 incertum
1747 1878 1848 1933 ali-

153 1963 302 2013 quem
353 1939 434 1997 de
474 1934 710 1998 Amerina
743 1962 1002 1996 rumorem
1037 1947 1245 2002 allatum
1281 1964 1413 1999 esse.
1482 1947 1631 2000 Nam
1647 1949 1850 2000 etiamsi

152 2019 311 2084 multa
345 2017 411 2078 de
443 2008 837 2068 occidentalibus
871 2011 1050 2085 insulis
1085 2017 1218 2083 apud
1245 2018 1447 2075 veteres
1475 2011 1705 2078 fabulose
1731 2024 1850 2070 sunt

153 2076 356 2162 narrata
375 2085 476 2173 *),
507 2078 679 2154 tamen
727 2106 845 2148 casu
863 2101 1092 2155 prorsus
1129 2081 1371 2154 ‘singulari
1403 2092 1474 2140 ita
1510 2085 1701 2141 factum
1735 2091 1850 2140 fue-

155 2154 257 2223 rit,
296 2151 396 2224 ut
408 2160 526 2209 eius
553 2150 907 2233 magnitudinis
942 2175 1001 2211 ac
1036 2162 1295 2226 potentiae
1341 2161 1502 2225 insula
1537 2163 1851 2232 confingere-

157 2238 272 2298 tur,
316 2221 520 2302 qualem
559 2237 767 2294 veteres
814 2227 913 2296 ipsi
964 2244 1209 2298 nusquam
1267 2233 1523 2284 novissent
1545 2229 1646 2302 **).
1737 2233 1851 2295 Quo

159 2301 462 2354 incertiores
498 2297 668 2351 autem
705 2301 917 2351 fuerunt
949 2290 1016 2350 de
1051 2317 1112 2351 ea
1146 2318 1396 2366 rumoreS‚
1433 2318 1496 2353 eo
1519 2305 1677 2362 maior
1698 2305 1852 2355 etiam

166 2374 345 2425 debuit
381 2386 499 2421 esse
532 2371 755 2438 fingendi
789 2368 1302 2438 comminiscendique
1338 2375 1404 2423 de
1439 2376 1592 2436 rebus
1628 2377 1738 2437 eius
1773 2381 1851 2426 at-

168 2461 268 2511 que
303 2439 550 2512 institutis
587 2444 817 2516 licentia,
853 2459 950 2508 qua
984 2443 1186 2528 quidem
1218 2444 1481 2502 Platonem
1507 2452 1735 2518 apertum
1774 2451 1858 2496 est

163 2518 237 2567 ita
269 2531 418 2565 usum
454 2529 601 2579 esse,
635 2520 695 2579 ut
728 2515 893 2565 omnia
927 2520 1021 2584 suo
1055 2515 1216 2580 ipsius
1251 2516 1519 2583 proposito
1555 2523 1610 2568 et
1645 2517 1854 2571 consilio

168 2586 458 2670 prudenter
500 2574 967 2651 accommodaverit.
1049 2586 1124 2637 Ac
1174 2586 1406 2640 similiter
1449 2589 1605 2647 etiam
1634 2588 1855 2639 iudican-

171 2659 291 2709 dum
325 2657 391 2707 de
423 2655 487 2705 iis
522 2653 749 2729 videtur,
784 2671 914 2722 quae
950 2655 1015 2706 de
1049 2656 1331 2724 priscorum
1358 2649 1740 2710 Atheniensium
1775 2676 1859 2708 re-

170 2731 267 2781 bus
312 2727 542 2794 exposita
578 2732 723 2790 sunt,
766 2726 1011 2793 siquidem
1055 2744 1120 2777 ne
1155 2728 1281 2779 haec
1316 2731 1518 2796 quidem
1551 2732 1860 2805 antiquitatis

174 2801 477 2871 auctoritate
514 2814 727 2887 prorsus
763 2814 937 2871 carere
972 2800 1243 2867 existimari
1278 2800 1482 2878 debean

315 2926 511 2979 Verum
548 2926 665 2994 quid
700 2928 802 2976 ista
837 2927 1006 2976 rimari
1040 2928 1191 2988 iuvat,
1227 2943 1377 2994 quum
1409 2945 1568 2997 nuper
1603 2898 1881 2996 Ios'ephs

180 2997 512 3050 Socherus
548 2998 626 3065 De
663 2997 878 3066 Scriptis,
914 2997 1136 3049 Platonis
1170 3014 1223 3074 pf
1255 2999 1494 3069 369'sqq.
1528 3007 1692 3052 totum
1730 3002 1863 3055 hunc

236 3245 368 3302 ⁶)V.
409 3248 747 3293 Perizoniuu
779 3248 833 3287 ad
876 3246 969 3290 Ae!
975 3261 1043 3290 an
1077 3250 1686 3296 Var.ni·t.111.18.1.}{.
1724 3258 1860 3297 Von

322 3305 584 3345 Weltkunde
616 3308 692 3346 der
721 3306 859 3345 Alton.
891 3319 935 3369 Ρ.
965 3311 1004 3346 8.

209 3389 257 3417 ⁰*
260 3390 279 3442 )
317 3389 368 3431 V.
402 3401 511 3442 quae
543 3392 597 3431 ad
631 3394 852 3433 Timaeum
884 3405 926 3442 p.
956 3395 1027 3433 24.
1063 3393 1114 3432 Ε
1149 3395 1200 3435 de
1230 3394 1306 3436 hac
1337 3407 1386 3437 re
1416 3399 1713 3448 exposuimus.
