2072 3698
261 200 336 252 24
832 192 1376 250 PROLEGOMENA’.
1444 241 1447 249 ,s
1519 186 1522 190 ⁵

402 341 597 392 Gustus
644 354 794 390 causa
828 340 878 390 ln
927 337 1222 388 humoribus
1273 334 1595 402 continetur,
1642 335 1710 387 de
1757 338 1937 403 quibus

261 412 452 462 dictum
491 420 572 461 est
607 423 753 461 antea
775 414 841 470 ¹¹).
915 411 1215 460 Tenduntur
1251 409 1381 457 enim
1419 425 1446 457 a
1481 409 1649 474 lingua
1684 425 1839 458 venae
1875 411 1938 460 ad

261 486 431 534 cordis
481 485 683 544 sedem,
732 499 858 549 quae
907 497 1141 545 saporum
1188 485 1306 528 sunt
1351 481 1494 543 quasi
1540 482 1750 530 nunciae
1786 497 1939 546 quae-

262 557 392 605 dam.
465 557 517 604 ln
560 572 680 619 «puis
715 557 758 603 si
795 569 921 618 quae
961 555 1030 600 ita
1067 558 1423 614 pervenerunt,
1462 557 1518 599 ut
1555 568 1650 616 per
1685 552 1940 602 humidam

260 630 481 676 carnium
527 627 791 675 mollitiem
843 624 1160 689 penetrantia
1208 623 1444 673 terrestri
1480 632 1657 671 natura
1704 640 1794 672 sua
1830 640 1939 672 mo-

261 700 375 748 dice
424 699 697 761 liquefacta
741 704 888 745 venas
938 694 1237 742 contrahant
1282 699 1336 742 et
1382 693 1688 755 arefaciant.
1728 711 1958 760 sapores·

263 770 563 820 sentiuntur.
639 769 861 830 Quorum
899 766 1057 814 multa
1094 771 1148 814 et
1193 766 1326 830 varia
1373 771 1491 813 sunt
1540 782 1758 830 genera,
1810 768 1939 816 acri-

260 858 374 903 um
411 841 735 899 acerborum.
774 839 1036 895 salsorum,
1077 837 1310 898 dulcium,
1349 852 1377 884 e
1416 837 1519 884 suis
1559 853 1786 902 quaeque
1823 855 1941 886 cau-

262 915 339 962 sis
382 911 675 976 repetenda.
760 907 841 967 (P.
889 909 974 957 65.
1015 908 1081 961 B
1113 935 1180 947 --
1218 910 1304 959 66.
1343 905 1551 967 C..)**)
1626 907 1940 957 Olfactua

261 999 417 1049 porro
454 982 639 1046 pendet
666 995 704 1028 e
741 980 1082 1044 fragrantibus
1114 995 1383 1043 corporum
1421 978 1691 1027 odoror-um
1721 982 1940 1044 particu-

260 1057 353 1113 lis,
393 1070 518 1117 quae
557 1054 607 1100 in
644 1055 763 1101 aere
801 1068 1007 1116 sparsae
1042 1047 1372 1115 inspiratione
1409 1050 1749 1099 adducuntur:
1802 1052 1943 1100 cuius

261 1127 394 1173 saria
442 1139 631 1189 genera
690 1139 843 1187 aegre
902 1124 1140 1171 constitui
1198 1129 1412 1187 possunt
1461 1131 1759 1186 propterea,-
1811 1121 1944 1185 quod

261 1198 420 1245 omnis
467 1195 592 1243 odor
640 1194 890 1245 dimidiam
936 1195 1175 1258 quandam
1226 1201 1279 1242 et
1325 1193 1677 1257 imperfectam
1719 1201 1947 1248 naturam

261 1258 444 1327 habet
493 1281 620 1330 quae
668 1266 868 1315 deliniri
917 1282 974 1314 ac
1022 1266 1345 1314 determinari
1394 1280 1491 1313 non
1543 1265 1694 1313 facile
1754 1272 1943 1330 potest.

259 1339 510 1402 Distingui
547 1345 714 1386 tamen
754 1343 965 1406 possunt
1002 1338 1187 1385 odores
1236 1336 1504 1384 iucundi
1553 1343 1604 1384 et
1653 1338 1943 1386 iniucun-

262 1411 339 1463 di.
377 1409 459 1476 (Ρ.
496 1411 582 1462 66.
622 1407 677 1461 C.
721 1438 781 1446 —
822 1411 907 1458 67.
951 1408 1034 1473 A.)
1109 1409 1319 1458 'lertius
1350 1416 1527 1456 sensus
1566 1413 1648 1456 est
1684 1409 1941 1458 audien·

259 1483 345 1533 di
420 1482 542 1542 Qui
563 1480 762 1542 quidem
815 1482 976 1529 oritur
1023 1481 1123 1540 sic,
1180 1484 1236 1527 ut
1271 1494 1392 1538 vox,
1441 1494 1569 1543 quae
1606 1485 1693 1528 est
1725 1480 1942 1542 pulsatio

259 1553 502 1617 quaedam
539 1553 600 1604 ab
638 1553 756 1600 aere
793 1567 884 1615 per
920 1568 1098 1612 aures,
1138 1551 1421 1608 cerebrum,
1460 1556 1512 1598 et
1551 1549 1841 1614 sanguinem
1881 1550 1943 1599 ad

257 1625 471 1672 animum
523 1628 683 1685 usque
731 1629 1001 1687 penetrans
1051 1625 1184 1671 intus
1233 1623 1539 1685 percipiatur
1584 1630 1735 1686 atque
1784 1624 1942 1671 motio

257 1712 353 1760 per
389 1711 496 1743 eam
537 1695 721 1742 effecta
757 1695 874 1742 iude
909 1711 938 1742 a
978 1696 1145 1758 capite
1181 1694 1242 1741 ad
1279 1693 1440 1757 hepar
1485 1709 1644 1777 usque
1682 1709 1942 1758 propage-

258 1774 356 1817 tur.
435 1767 528 1814 Est
565 1771 730 1825 autem
768 1782 860 1813 mx
910 1762 1098 1832 (Tou)
1148 1772 1295 1812 acuta
1351 1765 1430 1812 vel
1475 1767 1669 1829 graviS,
1702 1767 1940 1827 itemque

255 1838 406 1888 fortis
443 1837 522 1884 vel
546 1818 744 1897 debilis
781 1837 1013 1901 aequalis
1027 1837 1107 1885 vel
1147 1835 1437 1900 inaequalis.
1482 1836 1559 1896 (Ρ.
1584 1837 1664 1884 67.
1693 1839 1751 1888 Α.
1772 1832 1946 1901 ·-—-G.)⁴

255 1909 455 1958 Restat
478 1916 681 1972 quartus
725 1924 929 1967 sensus,
981 1910 1062 1973 qui
1099 1911 1180 1956 est
1215 1907 1500 1955 videndi.
1575 1907 1942 1973 Complectitur

255 1983 300 2030 is
341 1981 642 2040 colores,
681 1981 763 2043 qui
804 1981 958 2043 positi
994 1987 1111 2028 sunt
1146 1981 1195 2028 in
1238 1996 1333 2040 eo,
1385 1979 1750 2043 quod'species
1786 1995 1938 2044 quae·-

255 2053 366 2101 dam
391 2052 679 2121 *oculorum
698 2053 945 2100 meatibus
986 2058 1320 2115 congruentes
1377 2066 1437 2098 ex
1470 2046 1622 2099 rebus
1659 2051 1800 2099 nobis
1839 2052 1938 2099 cir-

255 2123 499 2175 cumdatis
551 2128 779 2171 emanant
824 2130 877 2170 et
917 2139 1007 2187 per
1056 2123 1316 2181 oculorum
1365 2128 1561 2170 meatus
1605 2122 1668 2169 ad
1723 2124 1937 2172 animum

254 2202 552 2247 commeant.
625 2194 765 2256 Quae
804 2201 884 2243 est
919 2195 1054 2243 visus
1093 2211 1239 2242 causa
1277 2200 1332 2242 et
1368 2194 1525 2257 origo.
1598 2193 1728 2242 Sunt
1768 2204 1936 2244 autem

256 2269 542 2317 colorum
594 2281 836 2329 genera
884 2267 1096 2314 maxime
1143 2268 1300 2314 varia.
1351 2280 1478 2327 quae
1531 2263 1723 2329 singula
1759 2282 1935 2315 rursus

254 2341 358 2387 suis
408 2344 559 2402 atque
607 2338 827 2403 propriis
876 2337 1102 2386 nituntur
1149 2338 1313 2387 causis
1352 2336 1676 2388 naturalibus.
1752 2335 1810 2390 P.
1847 2338 1936 2390 67.

256 2410 315 2463 C.
352 2437 421 2447 —-
456 2410 541 2459 68.
581 2407 641 2461 l).

392 2481 559 2529 Finita
595 2481 691 2541 hac
728 2472 1070 2544 disputatione
1107 2478 1171 2528 de
1204 2477 1296 2540 iis.
1352 2494 1480 2543 quae
1530 2494 1589 2526 ex
1626 2478 1934 2529 necessitate

251 2568 499 2617 suspensa
542 2558 682 2612 snut.
740 2554 1122 2616 priusquam
1177 2551 1247 2599 ad
1294 2559 1573 2600 naturae
1622 2550 1933 2611 humanae

253 2627 572 2689 originem
621 2623 966 2672 illustrandam
1027 2624 1352 2680 accedamus,
1417 2621 1651 2669 nonnulla
1695 2623 1772 2669 de
1819 2621 1932 2669 dua

249 2697 415 2761 plici
461 2711 802 2744 causarum
852 2710 1096 2758 genere
1144 2708 1418 2755 eainmque
1465 2693 1742 2740 rationibus
1781 2707 1932 2754 prae-

248 2767 494 2817 mittenda
541 2765 785 2815 iidentui.
871 2767 970 2815 Est
1022 2767 1174 2830 igitur
1218 2766 1434 2813 alterum
1473 2780 1630 2827 genus
1670 2779 1929 2814 cansarum

249 2838 483 2899 divinum.
519 2839 732 2886 alterum
774 2838 1128 2886 necessarium
1205 2836 1306 2884 Sed
1343 2837 1593 2900 copulavit
1631 2835 1766 2883 Deus
1802 2836 1932 2884 divi-

249 2925 310 2958 na
348 2925 457 2957 cum
497 2910 827 2963 necessariis.
868 2910 1095 2974 quoniam
1137 2909 1263 2956 haec
1300 2907 1549 2974 sine-illis·
1583 2922 1679 2955 non
1719 2914 1930 2971 possent

249 2982 488 3043 cognosci
537 2988 588 3029 et
625 2980 855 3045 intelligi.
943 2980 1117 3044 ltaque
1159 2981 1209 3028 id
1259 2980 1402 3027 nobis
1441 2978 1685 3042 agendum
1724 2983 1833 3034 est.
1873 2985 1927 3027 ut

248 3051 409 3100 divina
441 3054 567 3100 vitae
614 3054 792 3102 beatae
828 3051 1183 3118 adipiscendae
1219 3067 1368 3101 causa
1404 3052 1737 3116 exquiramus,
1770 3066 1929 3115 ,quau-

336 3299 358 3323 a(

308 3300 385 3409 ”3
417 3302 566 3455 {ig-'lion‘
590 3302 905 3412 faescqqquoque
940 3363 1069 3411 nunt,
1107 3372 1214 3412 quae
1258 3360 1306 3401 in
1346 3357 1671 3401 comtuientarii·
1709 3358 1929 3400 illu-tnta

440 3427 547 3466 egon
572 3428 638 3456 ur.

2049 1175 2060 1204 Ι
