2072 3698
712 151 1222 222 ΑιιιιιΤΑΜΕΝΤΑ.
1700 127 1809 220 49³

142 312 454 381 significant,
489 315 545 361 et
579 310 837 361 stellarum
872 313 1104 376 fixarum,
1141 310 1268 379 quae'
1304 327 1405 363 uno
1437 312 1564 366 urhe
1599 312 1808 378 circurn-⁴

140 394 385 451 aguntur,
418 388 474 432 et
521 382 851 448 planetarum,
888 401 1015 449 quae
1051 393 1254 450 septem
1289 385 1488 434 circulis
1522 384 1813 444 volvuntur;

144 467 359 521 'quorum
396 471 545 520 quum
579 455 694 514 ille,
741 456 826 519 qui
872 455 1184 506 dextrorsum
1220 457 1309 519 fit,
1349 461 1556 506 naturae
1592 451 1812 514 ταύτοῦ,

145 527 231 577 laic
266 529 351 592 qui
387 527 589 589 oblique
616 526 973 576 sinistrorsum
1010 529 1282 592 peragitur,
1317 532 1524 577 naturae
1561 526 1812 576 &az-{0011

145 597 460 663 respondere
495 596 712 660 antiquis
749 595 1064 664 philosophis
1101 599 1352 660 videatur,
1401 605 1521 664 apte
1557 614 1652 663 per
1685 595 1814 646 indi-

145 670 343 719 viduam
371 668 652 717 identitatis
688 682 745 715 ac
771 668 1014 718 dividuam
1052 670 1352 719 diversitatis
1377 677 1604 719 naturam
1627 668 1816 717 utrius-

148 756 249 806 que
293 745 459 789 motus
507 739 806 803 principium
851 741 1176 806 significatur.
1259 740 1348 791 Sin
1394 747 1562 790 autem
1606 741 1817 789 animam

146 810 411 862 humanam
453 811 878 875 spectaverimus,
927 814 1133 862 eaedem
1180 810 1306 862 duae
1360 817 1566 861 naturae
1608 811 1668 859 ad
1717 804 1818 860 duo

146 884 234 934 ina
276 898 449 932 rerum
496 896 682 946 genera
711 884 1000 965 pertinent,
1045 883 1222 949 quibus
1258 883 1621 952 cognoscendis
1660 881 1820 929 anima

148 958 270 1021 apta
305 955 400 1015 sit;
449 960 598 1017 quum
642 953 774 1000 enim
810 954 955 1003 ideae
989 921 1349 1004 immutabilesD
1359 969 1659 1019 semperque
1699 958 1821 1001 eae-'-

152 1026 268 1076 dem
313 1026 442 1084 sint,
488 1030 572 1072 res
618 1025 832 1074 sensiles
875 1026 1036 1074 fluxae
1083 1032 1137 1075 et
1181 1042 1211 1075 a
1258 1041 1315 1076 se
1369 1027 1512 1090 ipsae
1574 1025 1819 1083 diversae,

151 1111 401 1163 quumque
429 1094 542 1149 idea
578 1110 806 1160 quaeque
842 1112 936 1144 una
973 1098 1041 1146 sit
1073 1113 1130 1146 ac
1167 1097 1462 1162 singularis,
1509 1095 1695 1145 multae
1731 1109 1820 1144 au·

149 1175 281 1230 tem,
327 1182 456 1232 quae
504 1168 598 1215 sub
647 1182 758 1215 eam
804 1168 1009 1231 cadant,
1073 1169 1159 1217 re‘s
1215 1168 1458 1228 sensiles,
1520 1167 1705 1226 anima,
1760 1167 1822 1213 ut

149 1240 353 1306 utrique
387 1238 564 1304 generi
595 1240 949 1304 cognoscendo
983 1241 1173 1306 pariter
1207 1239 1389 1303 idonea
1421 1240 1506 1299 sit,
1541 1253 1604 1286 ex
1636 1235 1827 1285 utrius-

153 1325 254 1378 que
304 1311 511 1371 natura,
571 1325 648 1360 ex
705 1311 924 1360 divina
992 1311 1385 1361 identitatis
1440 1314 1506 1360 et
1564 1307 1824 1357 dividua

150 1381 585 1441 {diversitatis
635 1383 915 1446 composita
962 1397 1077 1431 esse
1122 1383 1373 1440 statuitur.
1388 1383 1424 1410 ‘⁶
1499 1378 1640 1428 Haec
1673 1379 1828 1443 igitur

153 1455 520 1504 Bonitzius.
592 1451 732 1515 Quae
766 1453 982 1502 dubitari
1017 1469 1114 1502 non
1149 1456 1324 1519 potest
1362 1467 1423 1502 eo
1460 1451 1732 1518 pertinere,
1768 1451 1826 1496 ut
1904 1439 1922 1448 ⁹

95 1541 112 1555 ·
153 1525 292 1575 Deus
340 1525 699 1575 existimandus
747 1525 816 1573 sit
865 1540 935 1573 ex
960 1524 1087 1574 ideis
1122 1524 1426 1573 diversitatis
1461 1527 1514 1572 et
1547 1511 1827 1571 identitatis

153 1598 366 1646 ‘animam
427 1587 723 1645 mundanam
780 1597 1140 1661 composuisse.
1235 1595 1419 1657 Quales
1486 1599 1655 1642 autem
1712 1594 1830 1640 sunt

157 1670 288 1719 istae
334 1667 519 1716 ideae?
598 1665 676 1715 De
720 1665 816 1716 hac
859 1683 982 1716 vero
1030 1683 1088 1715 re
1133 1667 1312 1726 vellem
1349 1664 1697 1714 Bonitzius
1734 1675 1827 1711 nos

157 1740 358 1804 plenius
408 1738 716 1789 edocuisset.
786 1737 863 1786 Ita
899 1739 1031 1787 enim
1080 1737 1302 1786 fortasse
1337 1736 1562 1785 futurum
1599 1738 1731 1794 erat,
1772 1736 1830 1781 ut

156 1811 408 1876 quomodo
444 1811 605 1857 anima
639 1807 882 1857 mundana
917 1825 978 1857 ex
1012 1825 1148 1858 mera
1170 1809 1432 1859 identitate
1455 1811 1507 1856 et
1525 1805 1830 1865 diversitate,

155 1883 239 1931 eui
281 1881 406 1930 nihil
453 1885 594 1929 esset
641 1881 922 1929 subiectum
966 1884 1169 1946 praeter
1212 1897 1358 1930 uuam
1407 1879 1565 1928 solam
1597 1876 1830 1925 identita-

107 1978 110 1983 ·
153 1958 262 2003 tem
298 1969 355 2001 ac
390 1950 767 2012 diversitatem
803 1949 1167 2000 conflata‘esse
1202 1953 1385 2016 possit,
1423 1949 1833 2012 intelligeremus.

155 2024 517 2091 Nuncjtantnm
549 2023 646 2070 hnc
666 2023 824 2071 inlicit
847 2024 1152 2086 scrupulum,
1181 2027 1237 2071 ut
1259 2023 1354 2071 toti
1381 2021 1497 2070 huic
1525 2019 1708 2068 rationi
1728 2016 1831 2065 dif-

157 2091 389 2148 fidamus
460 2090 698 2153 Aci-edit,
736 2095 868 2157 quod
905 2095 1020 2159 ipse
1062 2093 1207 2142 Plato
1251 2109 1352 2142 ιιοιι
1403 2093 1627 2141 idearum
1673 2089 1832 2138 iniicit

157 2167 495 2226 mentionem,
539 2163 629 2212 sed
678 2182 776 2226 της
819 2161 1127 2247 άιιερίστου
1178 2164 1269 2214 καὶ
1318 2161 1406 2214 ἀεὶ
1463 2155 1601 2213 κατὰ
1656 2152 1830 2211 ταύτὰ

159 2235 391 2306 ἐχούσης
436 2231 629 2294 θύσας
677 2239 731 2283 et
776 2253 872 2298 της
921 2232 1113 2294 οὐσίας
1158 2253 1256 2297 της
1300 2233 1424 2302 περὶ
1479 2226 1548 2283 τὰ
1603 2227 1830 2298 σώμαι-α

160 2309 491 2376 γιςιόμένης
534 2322 810 2374 μεθιστης
891 2306 1047 2371 quue
1093 2307 1484 2372 prudentissime
1540 2304 1613 2352 sic
1658 2302 1717 2349 ab
1766 2305 1830 2349 e'o

162 2381 351 2429 factum
389 2394 506 2428 esse
543 2378 900 2430 existimamus.
972 2376 1097 2428 Nam
1137 2377 1279 2426 ideae
1304 2377 1504 2441 quidem
1529 2375 1688 2423 minus
1713 2376 1833 2437 apte

163 2454 713 2508 commemorarentur,
731 2450 845 2513 quia
874 2450 1038 2513 agitur
1061 2449 1126 2496 de
1162 2451 1418 2498 substrato
1456 2447 1594 2512 quasi
1621 2443 1833 2526 quodam

161 2522 519 2581 intellectuali,
573 2520 705 2569 unde
750 2521 912 2569 anima
961 2519 1204 2569 mundana
1251 2524 1364 2569 orta
1410 2519 1493 2571 sit.
1564 2516 1738 2581 ltaque
1770 2505 1834 2563 τὸ

163 2588 370 2645 ταύτόν
407 2597 460 2640 et
495 2585 558 2642 τὸ
593 2585 844 2659 θάτερον
880 2590 1014 2639 aliud
1052 2591 1170 2655 qnid
1205 2590 1272 2639 sit
1306 2605 1519 2639 necesse
1555 2585 1654 2648 est,
1693 2601 1836 2651 quam

168 2664 300 2729 quod
338 2663 684 2712 Bonitzius
725 2661 976 2714 iudicavit.
1060 2662 1489 2711 Perlustrantibus
1537 2663 1702 2707 autem
1740 2671 1836 2705 uo-

168 2737 246 2786 bis
296 2734 575 2783 universam
634 2733 832 2783 Timaei
888 2733 1278 2798 disputationem
1343 2749 1401 2782 ac
1462 2731 1732 2796 praecipue
1777 2742 1837 2775 ea

167 2807 635 2866 considerantibuS,
675 2820 802 2870 quae
838 2804 970 2853 infra
1006 2804 1070 2852 de
1102 2806 1253 2853 animi
1287 2803 1487 2852 hnmani
1523 2811 1695 2848 natura
1731 2799 1840 2847 dis-

169 2883 435 2939 seruntur,
471 2877 671 2925 dubium
709 2890 808 2924 non
845 2891 960 2925 esse
1002 2876 1160 2925 visum
1217 2880 1326 2934 est,
1375 2889 1615 2939 quaemun
1664 2870 1840 2919 Plato-

168 2951 246 2999 nis
285 2965 426 2998 mens
465 2953 517 2996 et
552 2947 803 2997 sententia
838 2948 920 2997 sit.
992 2946 1189 3011 Duplex
1225 2948 1355 2995 enim
1392 2942 1725 3010 philosophus
1750 2954 1841 3005 po-

170 3021 272 3069 suit
318 3022 508 3069 animae
557 3018 853 3068 mundanae
865 3018 1197 3078 elementum,
1244 3018 1458 3067 alterum
1495 3015 1623 3064 ideis
1660 3010 1843 3070 simile,

170 3090 383 3140 alterum
436 3105 546 3139 cum
599 3090 896 3153 corporibus
944 3093 1226 3155 cognatum.
1299 3086 1426 3137 lllud
1462 3087 1615 3151 igitur
1648 3084 1699 3134 in
1734 3083 1844 3132 uni-

170 3175 372 3210 versum
431 3166 511 3208 est
565 3161 773 3209 finita
816 3159 1113 3210 idearum
1158 3159 1255 3208 vis
1302 3164 1368 3209 et
1415 3162 1643 3207 natura
1688 3150 1841 3223 (das

171 3232 557 3281 bestimmte
604 3231 755 3279 Sein
803 3230 919 3279 der
968 3225 1382 3298 ldeenwelt),
1441 3230 1492 3278 in
1539 3242 1634 3292 qua
1681 3227 1845 3275 xirtus

172 3305 511 3364 constantiae,
564 3303 1012 3365 sempiternitatis,
1075 3301 1356 3350 identitatis
1412 3300 1680 3364 conspicua
1731 3301 1844 3356 est;

171 3373 270 3423 hoc
320 3390 437 3423 vero
483 3373 782 3438 intelligitur
827 3372 1101 3425 infinita
1147 3386 1497 3438 corporum
1546 3367 1842 3428 materia,
