2072 3698
573 167 940 231 *nn-curm
975 134 1322 221 narolus,
1688 170 1799 220 :m

127 318 424 379 adumbrari,
450 331 546 383 quo
569 313 764 365 facilius
789 314 1302 380 deiudeintelligatnr
1319 313 1395 362 vei
1417 312 1650 362 maximas
1678 329 1801 379 opes

129 391 380 440 civitatum
406 383 589 438 nullam
620 387 746 450 ipsis
775 386 963 434 civibus
995 386 1177 435 afferre
1200 386 1366 435 solerc-
1398 386 1688 434 beatitatem
1714 401 1804 434 no*

132 462 264 511 mine
288 477 380 509 sno
407 461 621 524 dignam,
658 456 753 504 nisi
778 473 947 505 earum
970 459 1225 521 possessio
1257 473 1366 505 cum
1391 458 1723 521 temperantia
1751 460 1806 504 et

131 533 320 593 iustitIa
346 531 414 605 sit
435 529 694 602 copulata3
731 528 828 576 imo
860 529 1059 576 easdem
1079 529 1188 577 illas
1213 530 1320 576 sitne
1345 528 1617 577 divinarum
1637 544 1808 575 rerum

137 620 285 653 sensu
308 608 361 651 et
397 615 568 650 amore
614 614 889 663 procreare
924 600 1303 650 immoderatam
1340 601 1625 663 superbiam
1661 604 1813 662 atque

137 676 256 724 iuris
283 673 483 724 humani
507 687 565 719 ac
605 670 754 718 divini
781 671 1171 720 contemtionem
1209 686 1370 733 eoque
1405 673 1516 734 ipso
1554 671 1816 735 potentiae

135 746 388 794 interitum
436 741 733 790 accelerare.
817 742 964 803 Quod
1013 743 1120 805 quis
1160 747 1240 790 est
1274 743 1390 805 quin
1427 742 1667 805 largiatur
1700 741 1817 789 Pla-

140 817 271 865 tonis
321 816 384 864 de
429 815 509 863 his
563 813 718 862 rebus
765 813 1045 860 sententiae
1093 814 1219 862 adeo
1258 828 1372 860 esse
1413 818 1818 870 consentaneum,

140 892 197 937 ut
243 869 307 937 ad
352 902 462 934 eam
504 884 849 932 illustrandam
887 884 1371 947 confirmandamque
1409 885 1620 932 maxime
1657 883 1822 951 perti-

133 944 294 1006 'neat‘l
377 954 572 1005 Deinde
618 972 738 1003 xero
800 955 842 1004 si
894 971 1021 1017 quae
1071 961 1371 1017 supersunt
1438 970 1650 1018 quorum
1705 970 1822 1003 cau-

141 1044 229 1079 sae
275 1033 330 1077 et
375 1028 600 1077 rationes
635 1043 679 1074 ν
686 1043 716 1074 x
748 1027 1144 1091 pcispiciantur,
1190 1025 1520 1091 leputandum
1571 1032 1651 1074 cst
1698 1040 1827 1091 opus

144 1116 241 1149 non
279 1115 395 1149 esse
431 1098 741 1152 absolutum,
789 1097 879 1144 sed
915 1097 1203 1146 inchoatum
1248 1105 1439 1145 tantum
1486 1105 1538 1147 ct
1573 1098 1828 1146 aflectum.

146 1172 294 1234 Quod
329 1172 373 1220 si
406 1171 657 1233 integrum
694 1168 1029 1226 haberemus,
1068 1170 1210 1217 nobis
1249 1170 1446 1232 quidem
1485 1186 1583 1217 non
1620 1175 1702 1216 est
1738 1169 1829 1216 du·-

149 1242 310 1314 bium,
359 1242 476 1307 quin
526 1242 575 1289 in
612 1241 691 1289 his
730 1253 929 1305 quoque
965 1239 1188 1288 Platonis
1233 1240 1504 1288 sollertiam
1539 1246 1688 1303 atque
1727 1240 1832 1288 ele-

150 1315 363 1378 gantiam
426 1311 719 1362 admiratuli
767 1326 1011 1359 essemus.
1091 1311 1234 1360 Nunc
1283 1327 1366 1359 xes
1420 1312 1488 1358 ita
1549 1317 1836 1376 comparata.

155 1390 259 1445 est
294 1390 353 1432 nt
387 1399 541 1448 parce
574 1382 934 1447 moderateque
969 1382 1045 1430 uti
1082 1383 1272 1431 criticis
1321 1382 1712 1433 dubitttionibus
1750 1399 1855 1433 sam

159 1457 261 1507 tius
296 1454 537 1503 videatur.

296 1525 665 1588 Quaerentibus
702 1529 866 1574 autem
905 1525 1076 1584 nobis,
1131 1524 1215 1588 qni
1253 1523 1443 1573 factum
1479 1525 1570 1580 sit,
1619 1529 1677 1573 ut
1715 1539 1844 1590 opus

160 1597 513 1663 imperfectum
549 1597 612 1645 ad
646 1612 738 1645 nos
777 1612 898 1661 perv
904 1598 1096 1656 enei-,it
1133 1596 1260 1644 duae
1297 1597 1372 1644 rei
1421 1611 1600 1644 causae
1632 1597 1684 1644 in
1707 1613 1847 1645 men-

162 1675 266 1718 tem
309 1672 566 1716 venerunt.
649 1667 754 1716 Aut
802 1669 930 1715 enim
976 1667 1169 1730 reliqua
1203 1683 1320 1732 pars
1360 1667 1528 1731 operis
1565 1673 1852 1732 temporum

162 1740 339 1789 iniuria
373 1738 694 1788 intercidisse
731 1739 1056 1786 existimanda
1093 1742 1202 1797 est3
1243 1743 1326 1786 aut
1350 1737 1495 1786 Plato
1520 1739 1633 1802 ipse
1669 1740 1853 1787 librum

166 1811 451 1860 inchoatum
485 1825 584 1858 non
623 1809 867 1870 absolvit,
905 1810 995 1857 sed
1034 1808 1386 1873 imperfectum
1438 1809 1656 1873 reliquit.
1727 1810 1862 1859 Illud

169 1883 431 1947 quominus
469 1885 782 1940 statuamus,
821 1897 970 1944 quum
1005 1879 1105 1928 hoc
1140 1881 1407 1945 prohibet,
1449 1881 1580 1944 quod
1617 1897 1860 1946 nusquam

171 1953 302 2018 apud
343 1952 495 2001 ullum
531 1952 831 2017 scriptorem
868 1957 1095 2000 veterem·
1130 1951 1443 2000 desideratae
1479 1953 1635 2016 partis
1671 1953 1861 2002 mentio

176 2025 424 2087 iniicitur,
459 2028 568 2072 tum
606 2023 819 2088 impedit
856 2024 1006 2072 ctiam
1045 2023 1232 2071 ciarum
1271 2029 1422 2088 atque
1468 2022 1674 2074 evidens
1710 2024 1862 2074 testi-

179 2097 400 2146 monium
444 2094 812 2145 Plutarchi.
892 2093 940 2141 Is
985 2094 1115 2142 enim
1161 2095 1211 2142 in
1256 2094 1375 2144 vita
1421 2093 1620 2144 Solonis
1668 2112 1717 2160 p.
1776 2095 1862 2143 96.

179 2166 241 2216 Ε.
276 2184 359 2213 =:
397 2181 443 2214 c.
486 2165 550 2215 31
601 2169 654 2213 et
702 2164 788 2214 32.
840 2165 1197 2230 philosophum
1236 2166 1412 2213 scribit
1446 2170 1610 2215 morte
1647 2181 1864 2232 oppres-

184 2253 294 2286 snm
340 2251 488 2294 esse,
536 2235 826 2301 priusquam
868 2236 1014 2301 operi
1054 2235 1278 2284 nltimam
1324 2252 1522 2286 manum
1563 2236 1870 2288 admoveret.

186 2309 366 2358 Restat
397 2300 554 2372 igitur
589 2306 834 2366 alterum,
874 2307 1007 2369 quod
1035 2307 1292 2370 posuimus
1329 2307 1443 2356 fieri
1467 2308 1708 2373 potuisse.
1763 2307 1872 2357 Dn-

188 2379 361 2427 bitare·
385 2382 552 2426 tamen
603 2377 811 2436 licebit,
846 2392 962 2426 num
998 2377 1297 2426 Plutarchus
1334 2393 1440 2426 rem
1480 2380 1606 2427 satis
1638 2384 1874 2429 accurate

194 2450 482 2498 narraverit.
562 2447 702 2496 Fieri
752 2447 880 2496 enim
917 2452 1118 2513 potest,
1157 2455 1214 2496 ut
1248 2448 1581 2514 philosophus
1615 2450 1724 2499 aliis
1764 2451 1875 2514 qni-

197 2520 402 2570 busdam
449 2519 610 2567 causis
663 2523 926 2584 permotus
978 2519 1266 2584 scriptionis
1303 2519 1566 2568 inchoatae
1600 2521 1878 2571 absolutio-

198 2609 309 2640 nem
346 2593 398 2641 in
434 2589 574 2647 alind,
602 2594 803 2653 tempus
840 2591 1093 2639 reiecerit.
1165 2591 1312 2653 Quod
1348 2592 1491 2640 nobis
1528 2594 1725 2657 quidem
1762 2591 1881 2641 ideo

201 2663 468 2712 verisimile
513 2661 739 2722 videtur,
801 2661 912 2726 quia
960 2661 1168 2711 Timaeo
1217 2661 1447 2712 absoluto
1495 2678 1554 2712 se
1601 2664 1771 2712 statim
1819 2660 1886 2711 ad

204 2734 391 2782 Critiae
439 2733 764 2798 scriptionem
814 2733 1112 2782 accinxerit:
1163 2733 1213 2781 id
1267 2734 1395 2798 quod
1447 2750 1508 2782 ex
1553 2735 1666 2798 ipso
1703 2735 1887 2783 horum

210 2805 448 2854 iibrorum
487 2808 781 2867 argumento
809 2808 863 2851 et
887 2805 1257 2853 necessitudine
1297 2805 1535 2868 colligere
1572 2807 1710 2855 licet.
1781 2805 1888 2855 Ve-

214 2893 317 2925 rum
354 2880 608 2938 utcunque
643 2889 727 2922 res
762 2889 878 2922 sese
911 2875 1090 2932 habet,
1137 2875 1257 2923 illud
1295 2882 1436 2923 certe
1472 2890 1567 2941 non
1605 2878 1768 2925 minus
1803 2891 1890 2924 ve-

213 2946 419 2995 risimile
464 2953 572 3005 est,
619 2961 717 2993 non
766 2946 906 3008 prius
952 2945 1166 2994 rediisse
1201 2946 1462 2994 Platonem
1502 2946 1561 2993 ad
1601 2939 1933 3011 susceptum⁷

215 3018 403 3066 Critiae
449 3015 702 3065 scribendi
748 3015 993 3073 laborem,
1043 3032 1187 3078 quam
1236 3016 1426 3080 Legum
1476 3032 1603 3082 opus
1642 3018 1894 3067 condidis-

218 3093 315 3136 set.
386 3089 497 3150 Qno
535 3086 765 3135 absoluto
803 3102 953 3148 quum
990 3101 1170 3135 nomen
1216 3093 1526 3136 contractum
1573 3088 1772 3138 tandem
1811 3106 1895 3138 ex-

219 3158 419 3207 solvere
463 3157 647 3218 vellet,
696 3156 894 3205 videtur
930 3157 976 3204 ei
1017 3157 1290 3217 accidisse,
1339 3166 1395 3207 ut
1429 3167 1637 3209 naturae
1672 3160 1900 3209 debitum

225 3229 495 3278 inevitabili
533 3228 638 3277 fato
675 3228 983 3276 reddendum
1021 3234 1172 3275 esset.

365 3299 434 3347 Et
479 3298 604 3349 haec
658 3298 855 3361 quidem
894 3298 957 3345 de
995 3298 1148 3346 Gritia
1190 3299 1311 3347 satis
1350 3306 1512 3349 sunto.
1584 3300 1710 3353 Nam
1748 3318 1906 3365 argu-

228 3371 383 3420 menti
405 3370 719 3419 enarratione
754 3384 854 3418 non
892 3383 1020 3434 opus
1057 3384 1174 3418 csse
1212 3374 1459 3434 putamus,
1498 3388 1646 3436 quum
1683 3374 1732 3421 in
1770 3380 1908 3420 tanta
