2072 3698
664 170 846 223 PRoL
856 169 942 222 EG
950 164 1212 221 OMENA.
1715 170 1788 223 33

105 315 389 374 tineantur,
449 314 600 363 etiam
658 317 867 362 externa
920 309 1084 364 forma
1122 311 1554 373 coagmententur.
1633 308 1782 374 Quod

104 387 207 436 viri⁴
247 385 440 450 egregii
488 384 722 432 indicium
774 384 873 432 etsi
921 384 1081 447 prima
1106 380 1304 444 ‘specie
1346 379 1536 428 habere
1583 380 1782 442 videtur

109 473 208 522 quo
248 458 370 508 satis
409 455 648 503 fulciatur
683 461 834 517 atque
870 458 1214 512 sustentetur,
1267 457 1436 500 tamen
1471 466 1529 499 re
1564 450 1782 516 diligen-

59 555 66 565 *
109 530 212 578 tius
259 541 510 593 perpensa
555 525 710 588 nullo,
740 525 888 573 modo
937 530 1075 574 stare
1122 537 1274 587 posse
1308 520 1582 587 intelliges.
1654 524 1782 573 Nam

110 600 268 648 solius
307 597 637 661 copulationis
676 601 911 644 externae
946 596 1105 660 gratia
1141 594 1265 642 haec
1300 594 1400 642 isto
1426 593 1575 641 modo
1611 609 1640 642 a
1666 593 1781 642 Pla-

108 676 229 719 tone
289 669 518 733 exposita
573 682 689 715 esse
749 668 944 730 ecquis·
980 667 1075 714 sibi
1136 664 1497 728 persuadebit?
1590 664 1781 716 Verum

111 756 385 804 quanquam
436 740 531 786 ista
570 753 768 801 quoque
820 737 986 801 opinio
1037 736 1180 785 nobis
1221 735 1550 783 vehementer
1584 737 1782 800 impro-

106 811 272 871 batur,
309 816 473 859 tamen
514 808 634 856 illud
674 808 871 872 quidem
911 809 1168 855 verissime
1204 807 1473 855 iudicatum
1510 812 1610 867 est,
1647 806 1780 872 quod

106 884 182 930 vir
229 881 407 930 doctus
458 879 718 928 Platonem
770 880 948 927 statuit
1012 880 1273 941 utriusque
1332 879 1502 941 operis
1561 877 1781 926 indicare

104 953 325 1014 voluisse
382 951 804 1000 necessitudinem
871 949 1111 1013 quandam
1167 956 1319 1012 atque
1364 949 1781 999 coniunctionem.

104 1022 460 1074 Desideramus
495 1037 616 1069 vero
652 1021 796 1070 aliam
832 1022 906 1068 rei
945 1036 1141 1071 cansam
1178 1019 1375 1082 alioque
1421 1019 1569 1068 modo
1606 1020 1781 1084 explo-

106 1095 314 1143 randum
349 1107 641 1152 censemus,
679 1107 768 1141 cur
804 1108 862 1141 ea
898 1096 1088 1140 tantum
1125 1097 1615 1152 commemorentur,
1653 1107 1781 1156 qnae

110 1167 366 1230 pertinent
401 1164 464 1213 ad
499 1165 776 1222 civitatem,
832 1164 1025 1226 reliqua
1074 1163 1236 1210 omnia
1274 1162 1478 1210 silentio
1515 1168 1776 1211 transean-

106 1245 219 1298 tuc,
265 1251 392 1300 quae
440 1234 540 1284 illis
590 1242 732 1282 certe
770 1249 866 1281 non
904 1234 1090 1282 leviora
1126 1238 1259 1285 sunt.
1331 1233 1575 1284 Videmur
1610 1239 1780 1284 autem

106 1322 204 1356 non
239 1307 417 1356 iniuria
467 1307 516 1355 in
553 1307 666 1370 ipso
710 1305 905 1354 Timaei
953 1311 1247 1368 argumento
1284 1302 1432 1352 huius
1467 1305 1541 1353 rei
1579 1319 1781 1354 cansam

108 1384 162 1427 et
207 1377 451 1426 rationem
500 1379 716 1441 positam
758 1390 875 1424 esse
904 1377 1185 1436 arbitrari,
1231 1376 1419 1438 quippe
1455 1374 1585 1438 quod
1627 1377 1780 1425 talem

106 1465 284 1499 nexum
335 1449 596 1512 utriusque
645 1447 934 1512 scriptionis
980 1446 1093 1494 sere
1139 1446 1472 1511 postulavisse
1527 1448 1780 1497 existima-

106 1535 233 1571 mus,
305 1519 436 1582 Quid
474 1519 643 1567 enim?
685 1519 726 1575 si
760 1533 931 1565 verum
965 1523 1065 1575 est,
1103 1515 1234 1580 quod
1270 1523 1415 1564 antea
1441 1512 1781 1582 iudicavimus,

92 1590 368 1642 *Timaeum
408 1595 571 1638 totum
608 1590 818 1637 maxime
854 1589 905 1636 in
945 1603 1006 1636 eo
1042 1587 1259 1645 versari,
1297 1593 1354 1634 ut
1389 1602 1539 1650 quum
1581 1586 1629 1637 in
1667 1590 1782 1638 uni-

30 1719 39 1729 Ν
107 1677 252 1711 versa
287 1674 455 1709 rerum
493 1664 668 1708 natura
703 1664 810 1708 tum
847 1660 1059 1708 maxime
1108 1659 1158 1705 in
1195 1657 1449 1709 hominum
1498 1658 1667 1708 indole
1704 1666 1782 1709 at·-

109 1748 207 1798 qne
240 1731 432 1780 fabrica
469 1732 629 1779 omnia
667 1730 727 1778 ad
772 1730 959 1779 'summi
993 1729 1109 1795 boni
1146 1727 1308 1776 ideam
1344 1736 1631 1794 comparata
1667 1746 1783 1781 esse

109 1809 163 1852 et
182 1802 490 1852 contendere
514 1803 774 1862 doceatur,
811 1802 920 1867 quis
945 1807 1025 1851 est
1052 1801 1169 1865 quin
1192 1800 1374 1859 videat,
1411 1803 1784 1865 sapientissime

108 1876 168 1924 ad
194 1890 363 1923 rerum
390 1874 760 1922 universitatem
787 1871 1216 1936 contemplandam
1240 1872 1311 1921 ita
1347 1874 1565 1934 transiri,
1601 1879 1657 1923 ut
1692 1888 1782 1922 eo-

107 1961 218 1994 rum
253 1945 568 2010 potissimum
606 1942 795 1992 mentio
831 1945 1098 2004 inficiatur,
1147 1958 1272 2006 quae
1311 1949 1456 1991 antea
1493 1943 1556 1991 de
1593 1947 1783 2010 optima

107 2018 308 2071 civitate
344 2015 588 2080 explicata
617 2016 842 2066 essent?
891 2015 1160 2065 Enimvero
1184 2031 1208 2060 a
1235 2015 1448 2063 civitatis
1471 2020 1614 2063 certe
1638 2031 1783 2065 com-

107 2089 367 2147 munitate,
411 2103 505 2151 qua
541 2087 754 2151 amplioi·
789 2086 1047 2150 maiorque
1083 2085 1226 2139 nulla«
1254 2087 1511 2149 reperitur
1545 2089 1784 2147 societas,

108 2159 417 2207 commodius
436 2158 496 2206 ad
522 2159 806 2206 universum
830 2157 989 2213 hocce
1016 2157 1427 2205 considerandum
1455 2157 1587 2206 facta
1615 2163 1785 2206 trans-

109 2230 200 2278 itio
238 2235 338 2290 est,
376 2243 520 2293 qnam
540 2230 600 2277 ab
644 2244 817 2277 eorum
845 2229 1338 2287 commemoratione,
1377 2245 1501 2292 quae
1528 2229 1590 2277 de
1615 2231 1784 2293 singn-

109 2301 269 2358 lorum
294 2294 546 2348 hominum
571 2299 757 2348 virtute
783 2305 923 2353 erant
945 2301 1187 2363 exposita.
1235 2298 1345 2346 Huc
1371 2298 1566 2349 accedit
1590 2301 1684 2348 alia
1707 2301 1783 2348 rei

110 2386 276 2420 causa.
316 2370 459 2418 Plato
485 2370 615 2417 enim
654 2386 802 2434 quum
841 2372 886 2417 in
917 2367 1062 2418 libris
1092 2368 1154 2416 de
1183 2367 1479 2432 Republica,
1520 2373 1786 2420 coniuncta

112 2442 304 2490 ethices
336 2447 388 2489 et
416 2440 647 2504 politices
689 2439 1094 2504 perfectissimae
1136 2439 1480 2502 exploratione
1506 2457 1532 2489 a
1555 2450 1784 2506 contem·-

52 2546 54 2548 -
99 2511 303 2580 §plaudis
321 2512 523 2576 optimis
543 2512 764 2559 moribus
783 2509 842 2558 ad
866 2510 1244 2560 describendam
1269 2512 1506 2574 optimam
1532 2514 1787 2562 civitatem
1847 2505 1863 2524 ²

112 2583 434 2643 accessisset,
467 2583 518 2630 in
555 2581 634 2642 iis,
673 2595 796 2646 quos
828 2578 1337 2648 posteaicomposixit,
1363 2582 1503 2643 libris
1532 2583 1662 2647 quod
1683 2600 1788 2632 am-

110 2655 243 2719 plius
270 2659 378 2702 erat
402 2659 552 2717 atque
577 2652 809 2716 grandius
843 2658 1093 2717 perpetuo
1132 2654 1196 2700 ob
1234 2653 1407 2715 oculos
1446 2653 1648 2715 habuit,
1686 2655 1787 2704 hoc

115 2725 579 2789 esvrempublicam
609 2728 660 2771 et
684 2725 896 2772 civitatis
929 2725 1340 2772 communionem.
1388 2724 1635 2785 Quocirca
1660 2720 1789 2775 scri-

115 2799 216 2861 pti·
254 2796 316 2844 de
350 2796 608 2859 republica
646 2795 784 2842 libris
824 2800 876 2842 et
901 2792 1091 2858 Legum
1131 2811 1258 2858 opus
1296 2794 1519 2843 condidit
1555 2801 1608 2844 et
1643 2797 1791 2847 aliam

116 2869 266 2915 etiam
315 2867 491 2914 similis
538 2867 817 2929 argumenti
864 2867 1188 2928 scriptionem
1241 2866 1508 2925 meditatus
1561 2872 1670 2929 est,
1726 2867 1791 2918 de

118 2954 212 3002 qna
260 2954 318 2985 re
366 2944 425 2988 v.‘
459 2953 585 3001 quae
636 2934 867 3000 Prolegg.
919 2937 978 2984 ad
1025 2935 1207 3000 Remp.
1268 2953 1313 3000 p.
1352 2935 1441 2984 Lx
1479 2952 1587 3002 sqq.
1625 2937 1791 2988 fusius

118 3010 453 3072 exposuimus.
526 3006 769 3057 Nimirum
808 3008 1084 3070 prudenter
1120 3006 1454 3071 philosophus
1480 3022 1592 3058 eum
1629 3011 1795 3059 tenuit

118 3095 348 3137 cursum,
410 3085 465 3126 ut
510 3095 538 3127 a
586 3077 895 3142 singulorum
941 3078 1195 3135 hominnm
1240 3078 1374 3127 vitiis
1422 3084 1476 3127 et
1522 3081 1794 3131 virtutibus

117 3149 510 3211 contemplandis
547 3149 605 3197 ad
646 3150 803 3197 civilis
841 3150 1209 3197 communitatis
1237 3148 1632 3214 progrederetur
1669 3166 1796 3200 con-

119 3221 490 3268 siderationem.
576 3220 704 3281 Qnid
758 3220 946 3283 igitur?
999 3221 1253 3282 poteritne
1304 3221 1531 3284 cuiquam
1567 3212 1796 3272 iamimi-

116 3306 225 3340 rum
264 3290 520 3347 accidere,
567 3288 729 3354 quod,
776 3307 923 3353 quum
975 3291 1074 3338 tale
1122 3292 1168 3339 in
1218 3292 1484 3342 scribendo
1533 3294 1796 3343 consilium

115 3367 457 3425 secpneretnr„
502 3378 600 3425 qno
665 3369 894 3428 tempore
955 3376 1012 3413 se
1067 3360 1127 3410 ad
1176 3360 1438 3412 Timaeum
1499 3363 1799 3416 exarandum

186 3460 292 3501 mat.
331 3462 436 3516 0992
473 3460 567 3499 Vol.
603 3461 698 3500 vu.
1073 3471 1075 3473 ·
1359 3461 1395 3511 4
