2072 3698
243 193 318 244 44
829 193 1213 244 PROLEGOM
1221 193 1373 245 ENA.

253 348 366 399 sqq.
437 333 585 399 Quod
621 335 731 384 iure
768 334 1024 400 displicuit
1048 333 1477 402 Schellingio
1512 337 1562 386 in
1588 334 1757 390 libro:
1783 337 1874 389 1¹11
1891 332 1946 387 i?

253 406 565 469 losophie
616 407 735 456 und
783 406 1101 471 Religion.
1154 423 1201 470 p.
1247 407 1314 458 31
1367 424 1440 471 sq.
1480 424 1755 473 quanquam
1790 411 1836 460 is
1869 410 1935 459 de

252 478 364 542 ipso
417 479 628 527 Timaeo
675 481 739 526 ob
789 495 896 527 eam
947 494 1056 526 rem
1115 479 1291 527 statuit
1339 480 1570 543 iniquius,
1665 482 1936 531 Enimvero

253 555 593 598 commentum
645 550 770 598 adeo
818 551 1042 613 ineptum
1098 555 1248 611 atque
1295 551 1561 600 absurdum
1622 553 1861 616 profecto
1907 569 1938 602 a

251 619 479 670 Platonis
537 623 737 685 ingenio
792 636 1000 683 prorsus
1046 620 1261 670 alienum
1310 625 1392 671 sit.
1478 624 1575 685 Qui
1637 625 1768 686 quod
1821 629 1937 673 ante

251 692 422 740 mundi
468 699 631 740 ortum
683 693 920 743 infinitam
972 692 1130 740 voluit
1190 693 1423 742 extitisse
1470 709 1736 759 corporum
1776 701 1939 744 mate-
2015 743 2017 746 ,

250 763 394 824 riam,
433 779 559 826 quae
599 764 802 826 proprie
840 763 1039 825 quidem
1079 780 1143 812 ne
1180 780 1331 814 esse
1369 766 1568 828 quidem
1607 767 1705 816 dici
1742 774 1938 831 posset,

251 848 314 883 eo
351 835 588 899 profecto
627 849 728 882 non
762 833 814 881 id
849 836 1177 899 significavit,
1214 836 1392 885 rudem
1430 837 1559 886 hanc
1607 838 1942 904 indigestam-

249 919 348 968 que
398 906 581 954 molem
638 907 827 969 pariter
872 915 1023 970 atque
1073 906 1232 956 Deum
1268 909 1429 972 ipsum
1468 909 1630 957 fuisse
1665 912 1944 974 sempiter-

249 993 378 1028 nam.
461 976 618 1025 Immo
671 977 736 1026 de
771 977 866 1025 hac
903 994 961 1027 re
997 980 1070 1027 sic
1109 983 1190 1027 est
1240 981 1638 1031 existimandum.
1718 981 1940 1031 Mundua

249 1048 586 1113 intelligibilis
638 1058 719 1097 est
768 1051 1051 1115 exemplar,
1100 1049 1232 1113 quod
1281 1053 1481 1100 intuens
1527 1052 1664 1100 Deus
1717 1068 1939 1102 summus

247 1117 377 1167 hanc
426 1135 594 1168 rerum
649 1121 1058 1184 universitatem,
1107 1137 1250 1184 quam
1296 1123 1454 1171 oculis
1491 1125 1770 1184 cenfimuu,
1811 1140 1940 1174 con-

248 1189 374 1240 dere
409 1191 648 1243 instituit.
733 1191 833 1241 lam
879 1209 1001 1242 vero
1039 1193 1295 1256 exemplar
1331 1195 1562 1257 quoniam
1598 1198 1938 1259 praestantius

250 1267 333 1310 est
378 1276 471 1324 eo,
538 1263 670 1327 quod
713 1264 777 1312 ad
826 1265 933 1315 eiua
998 1264 1374 1314 similitudinem
1438 1271 1520 1316 est
1575 1274 1940 1331 comparatum,

218 1335 219 1338 ’
248 1333 400 1382 etiam
440 1335 694 1398 priushoc
724 1337 834 1400 ipso
875 1336 1102 1386 extiterit
1137 1351 1354 1385 necesse
1393 1342 1492 1389 est,
1565 1337 1759 1400 Itaque,
1789 1354 1939 1403 quum

247 1405 461 1454 mundus
497 1407 829 1471 intelligibilis
866 1408 1023 1464 menti
1060 1408 1254 1456 divinae
1291 1408 1389 1456 iam
1429 1400 1803 1472 obversaretur,
1841 1410 1940 1459 hoc

246 1478 532 1527 universum
582 1479 799 1527 nondum
850 1481 1017 1544 potuit
1051 1485 1219 1529 ertum
1258 1495 1375 1529 esse
1411 1484 1497 1528 aut
1532 1495 1798 1544 corporum
1835 1498 1942 1531 ma·-

247 1550 380 1601 teria
424 1551 524 1598 iam
575 1551 806 1600 extitisse
860 1553 1020 1603 finita.
1091 1552 1328 1613 Alioquin
1365 1552 1497 1611 enim
1534 1550 1672 1602 Deus
1708 1569 1808 1604 non
1842 1555 1943 1605 iam

247 1620 494 1670 voluisset
550 1621 677 1669 illud
735 1621 798 1669 ad
857 1623 1084 1671 idearum
1148 1622 1430 1686 exemplum
1496 1621 1752 1677 fabricari.
1837 1623 1943 1674 Sed

245 1705 398 1757 quum
453 1692 590 1740 Deus
640 1708 862 1744 summus
911 1692 1083 1742 mundi
1129 1693 1490 1758 adspectahilis
1536 1694 1943 1747 aedificationem

246 1763 608 1825 meditaretur,
655 1780 871 1816 necesse
909 1765 1041 1826 fuit,
1087 1771 1143 1815 ut
1177 1765 1229 1814 in
1263 1765 1422 1830 ipsius
1459 1774 1634 1815 mente
1665 1767 1764 1818 iam
1801 1769 1944 1832 cogi-

247 1836 377 1884 tatio
424 1836 589 1899 aliqua
639 1837 838 1886 inesset
882 1837 1159 1898 materiae,
1209 1851 1270 1886 ex
1317 1851 1414 1899 qua
1463 1837 1781 1888 simulacrum
1819 1838 1944 1890 illud

245 1905 471 1956 idearum
511 1914 919 1971 componeretur.
992 1909 1100 1971 Qua
1135 1912 1246 1972 ipsa
1293 1909 1604 1973 cogitatione
1653 1916 1818 1960 ortum
1849 1915 1944 1961 -est

249 1978 451 2028 sensilis
505 1982 673 2029 mundi
725 1981 1022 2044 principium
1073 1987 1224 2042 atque
1259 1979 1395 2031 fonS.
1483 1982 1731 2043 Quocirca
1782 1990 1943 2031 mate-

246 2051 372 2098 riam
433 2065 530 2102 non
607 2054 767 2101 minus
831 2068 976 2117 quam
1039 2051 1181 2100 ideas
1239 2067 1268 2099 a
1323 2051 1434 2100 Deo
1493 2052 1752 2116 profectas
1823 2069 1941 2102 esse

250 2137 467 2170 necesse
527 2128 622 2171 est.
722 2123 830 2172 Nec
885 2139 1005 2171 vero
1062 2137 1362 2186 quemqnam
1406 2123 1617 2184 latebit,
1665 2140 1756 2173 cur
1813 2125 1940 2175 haec

247 2194 460 2245 materia
514 2195 763 2259 primitiva
827 2199 1060 2258 tanquam
1107 2193 1340 2245 informis
1399 2200 1552 2258 atque
1597 2195 1790 2247 infinita
1845 2197 1941 2246 de-

247 2266 512 2325 scribatur.
612 2267 772 2329 Quum
851 2267 983 2315 enim
1042 2266 1254 2316 mundus
1312 2266 1529 2314 nondum
1587 2273 1728 2316 esset
1781 2284 1939 2333 gene-

244 2345 404 2399 ratus,
440 2338 549 2402 ipsa
586 2339 726 2388 finita
751 2354 868 2387 esse
892 2352 992 2388 non
1027 2339 1214 2402 potuit.
1285 2336 1411 2394 Nam
1437 2338 1632 2388 finitum
1657 2345 1757 2399 est,
1793 2341 1939 2402 quid⁴

246 2409 364 2471 quid
429 2417 570 2460 certa
634 2410 800 2459 forma
859 2410 1185 2470 distinctum,
1255 2414 1398 2459 certa
1466 2411 1666 2458 ratione
1731 2411 1939 2474 praedi-

246 2486 379 2539 tum,
430 2480 646 2545 denique
696 2486 837 2531 certa
882 2482 1001 2547 lege
1049 2481 1296 2530 inclusum
1344 2480 1576 2533 habetur.
1650 2481 1809 2543 Quale
1846 2499 1934 2532 ex-

244 2553 405 2601 istere
452 2553 581 2623 nihil
619 2559 821 2618 potest,
870 2555 966 2604 nisi
1012 2553 1147 2615 quod
1192 2552 1253 2603 ad
1293 2551 1516 2606 idearum
1553 2552 1929 2604 similitudinem

245 2626 587 2688 componitur,
638 2642 666 2674 a
715 2627 895 2690 quibus
945 2627 1106 2674 omnis
1155 2624 1357 2672 omnino
1393 2625 1522 2673 ratio
1560 2639 1728 2671 rerum
1767 2626 1934 2674 finita-

245 2710 355 2743 rum
406 2696 594 2759 pendet
639 2713 698 2745 ac
750 2697 1103 2761 proficiscitur.
1187 2693 1330 2743 Haec
1366 2696 1521 2759 igitur
1559 2695 1602 2743 si
1641 2711 1756 2743 vera
1795 2703 1931 2756 sunt,

243 2782 362 2816 vera
414 2774 581 2823 autem
625 2784 742 2818 esse
791 2767 929 2817 edito
967 2766 1230 2829 aliquando
1280 2765 1580 2815 l'armenide
1615 2776 1790 2814 nostro
1829 2769 1933 2816 ola-

244 2840 347 2886 rins
396 2841 685 2903 apparebit,
739 2839 998 2890 materiam
1052 2854 1112 2885 ex
1163 2839 1413 2886 sententia
1460 2837 1684 2886 Platonis
1738 2854 1932 2902 nequa-

246 2924 390 2972 quam
431 2919 686 2960 aeternam
727 2927 841 2959 esse
880 2909 1166 2958 certissime
1214 2909 1545 2973 intelligitur,
1595 2924 1759 2971 neque
1805 2912 1930 2959 satis

243 2981 523 3042 prudenter
571 2982 712 3034 docti
764 2982 997 3031 homines
1034 2988 1152 3045 post
1187 2980 1619 3030 Moshemium
1659 2982 1806 3045 vulgo
1845 2998 1933 3030 ex.-

244 3052 468 3100 istimant
512 3054 677 3104 mnndi
728 3055 1037 3102 creationem
1088 3069 1148 3100 ex
1195 3052 1350 3100 nihilo
1400 3052 1660 3102 veteribus
1701 3053 1932 3116 philoso-

243 3123 359 3185 phis
410 3124 620 3172 Graecis
672 3127 872 3174 omnino
922 3124 1084 3172 fuisse
1133 3124 1373 3187 ignotam.
1458 3122 1683 3171 Platonis
1730 3125 1931 3186 quidem

245 3199 391 3242 certe
428 3193 564 3242 Deus
603 3197 752 3244 sicuti
791 3196 1057 3261 cogitando
1093 3194 1317 3244 idearum
1355 3193 1587 3243 mundum
1625 3193 1827 3255 effecit,
1863 3196 1933 3243 ita

249 3266 402 3313 ctiam
453 3272 715 3328 antequam
769 3269 867 3316 hoc
917 3267 1200 3320 universum
1241 3265 1514 3324 conderet,
1551 3266 1727 3315 rudem
1763 3267 1929 3316 insor-

246 3351 480 3397 memque
524 3339 813 3398 materiam,
867 3353 1010 3400 quam
1051 3337 1113 3386 ad
1148 3337 1346 3386 illarum
1383 3337 1667 3399 exemplum
1703 3338 1784 3402 vel
1819 3339 1932 3401 ipse

247 3407 570 3463 conformare
629 3409 708 3456 vel
757 3410 817 3458 ab
879 3409 974 3460 diis
1026 3409 1350 3459 inferioribus
1403 3407 1710 3459 conformari
1756 3408 1930 3474 vellet,
