2072 3698
258 193 330 246 22
823 183 1372 243 PROLEGOMENA.

252 335 446 401 figurae
482 337 715 398 tanquam
750 332 989 398 propriae
1027 328 1355 396 assignandae
1390 335 1531 393 sunt,
1586 331 1832 396 siquidem
1869 350 1932 387 ea

248 422 345 472 pro
382 407 642 456 tenuitatis
678 411 765 455 aut
800 404 1078 453 crassitatis
1126 401 1276 450 modo
1322 401 1450 462 hanc
1497 404 1579 453 vel
1613 404 1750 455 illam
1785 405 1929 456 refe-

249 484 368 527 runt
413 477 654 542 speciem.
739 477 915 538 ltaque
949 480 1111 535 terra,
1162 473 1392 536 quoniam
1437 480 1520 524 est
1556 475 1925 528 elementorum

251 551 469 599 omnium
531 548 899 597 crassissimum
955 550 1010 594 et
1055 545 1429 612 gravissimum,
1489 547 1712 598 cubicam
1768 547 1928 598 habet

219 621 489 685 ‘figuram3
525 621 659 685 iguis
692 632 867 683 porr0,
902 616 1016 678 quia
1051 615 1408 690 subtilissimus
1445 623 1528 666 est
1564 634 1622 667 ac
1646 635 1739 682 per
1764 620 1929 669 omnia

247 686 492 746 facillime
528 693 635 740 acie
675 705 765 738 sua
801 691 1064 751 penetrat,
1101 688 1345 752 pyramidi
1381 695 1462 737 est
1497 690 1700 750 similis;
1754 693 1928 740 octae-

246 763 371 811 dron
405 762 573 813 refert
608 763 721 819 aei-3
756 758 1055 807 icosaiidron
1090 773 1240 821 aqua:
1279 759 1462 824 quippe
1483 769 1741 823 postrema
1778 762 1925 823 haec,

246 836 475 897 quoniam
514 833 577 884 ad
612 839 782 883 terrae
817 834 1042 878 naturam
1080 831 1307 894 proxime
1345 833 1570 891 accedit,
1607 835 1760 883 etiam
1795 835 1927 882 cubo

245 906 459 956 similem
499 905 655 953 habet
677 903 931 965 speciem.
1004 900 1134 951 Sunt
1170 908 1337 952 autem
1375 903 1501 952 haec
1528 904 1780 953 elementa
1818 906 1929 968 prl-

245 978 399 1028 maria
436 975 562 1028 adeo
605 973 806 1025 subtilia
843 988 901 1021 ac
938 973 1136 1035 tenuia,
1175 979 1232 1022 ut
1269 990 1506 1023 sensuum
1543 977 1928 1039 perceptionem

245 1063 454 1112 promptus
501 1047 727 1110 fugiant,
787 1048 940 1107 atque
987 1049 1095 1093 tum
1143 1044 1343 1094 demum
1407 1047 1716 1108 sentiantur,
1775 1062 1927 1111 quum

243 1120 617 1183 conglomerata
653 1116 715 1165 ad
752 1117 992 1165 maiorem
1025 1123 1356 1167 excreverunt
1390 1118 1594 1170 molem.
1668 1117 1768 1168 lam
1804 1133 1928 1167 vero

245 1208 305 1241 ea
339 1192 473 1239 iuter
522 1191 630 1253 ipsa
678 1188 827 1239 variis
865 1186 1027 1236 modis
1065 1193 1323 1238 mutantur
1374 1194 1527 1252 atque
1563 1190 1928 1240 transforman-

244 1268 342 1312 tur.
416 1261 561 1324 Quod
610 1262 773 1328 ipsum
821 1274 883 1307 ex
926 1259 1230 1324 figurarum,
1291 1275 1421 1322 quae
1476 1261 1669 1324 singula
1717 1261 1932 1324 habent,

243 1334 436 1398 origine
477 1331 714 1398 explicari
750 1334 938 1394 potest.
1012 1329 1220 1385 Etenim>
1250 1331 1365 1378 ficri
1402 1331 1472 1379 ita
1496 1331 1647 1392 solet,
1683 1338 1741 1381 ut
1777 1349 1929 1396 quum

157 1396 160 1401 ’
241 1406 290 1454 in
342 1405 700 1454 minutissimas
748 1401 1020 1466 particulas
1069 1406 1260 1450 mutata
1296 1407 1443 1462 sunt,
1495 1411 1928 1468 susceperuntque

240 1477 602 1542 primitivorum
663 1471 1028 1538 triangulorum
1075 1474 1304 1537 species,
1364 1473 1579 1523 alterum
1633 1475 1796 1524 altero
1845 1475 1927 1526 vel

240 1548 526 1597 attrahatur
563 1547 641 1594 vel
676 1546 1037 1603 absorbeatur,
1100 1559 1199 1607 quo
1252 1545 1364 1611 ipso
1413 1546 1604 1595 multae
1649 1552 1804 1613 atque
1838 1563 1925 1596 va·-

239 1621 347 1668 riae
385 1619 678 1670 efficiuntur
715 1632 887 1668 eornm
915 1614 1398 1679 'transfigurationes
1438 1622 1491 1664 et
1530 1618 1926 1673 immutationes.

241 1692 349 1754 Qua
386 1688 639 1742 tamenin
676 1705 735 1738 re
772 1688 1043 1751 diligenter
1088 1687 1358 1737 tenendum
1400 1694 1480 1736 est
1519 1694 1705 1738 terram
1730 1707 1772 1739 ,ιι
1803 1691 1928 1739 reli·-

243 1778 454 1826 quorum
477 1763 840 1814 elementorum
866 1765 1040 1809 natura
1059 1758 1391 1807 vehementer
1414 1759 1721 1824 discrepare.
1779 1761 1924 1811 Haec

241 1836 371 1886 enim
411 1849 720 1897 quanquam,
770 1832 856 1879 ubi
892 1830 1056 1879 soluta
1113 1838 1222 1889 est,
1271 1830 1444 1878 itidem
1502 1847 1613 1881 cum
1661 1833 1771 1882 aliis
1810 1833 1922 1882 ele-

237 1907 420 1954 mentis
459 1906 846 1968 commiscetur,
898 1907 1066 1952 tamen
1116 1906 1328 1965 propter
1363 1903 1744 1954 crassitudinem
1774 1921 1925 1966 ‚suam

238 1993 482 2041 nunquam
520 1978 568 2024 iu
618 1977 743 2026 alius
795 1975 1003 2027 alieuius
1042 1973 1283 2027 elementi
1318 1979 1543 2025 naturam
1583 1976 1799 2028 transire
1835 1991 1925 2027 so-

234 2049 310 2099 let
346 2054 410 2112 *).
484 2048 540 2101 1’.
577 2048 646 2099 523
701 2047 760 2097 G.
802 2072 862 2081 -—-
903 2044 991 2097 57.
1028 2043 1088 2096 D.

373 2177 518 2226 Ilaec
566 2181 732 2225 autem
783 2174 993 2223 mutatio
1043 2172 1411 2223 elementorum
1461 2174 1691 2241 quoniam
1745 2180 1922 2226 motu

237 2254 301 2298 et
348 2249 842 2306 statuefficitur,
891 2245 956 2294 de
1004 2244 1083 2306 his
1123 2261 1325 2310 quoque
1361 2246 1597 2294 nonnulla
1645 2245 1923 2296 adiicienda

237 2326 356 2370 ειιιιι
448 2314 607 2385 'igitur
655 2334 901 2382 nunquam
937 2323 1104 2366 motus
1142 2319 1278 2367 inest
1312 2317 1373 2365 in*
1400 2317 1772 2380 aequabilitate.
1846 2319 1923 2368 Ex

235 2408 333 2455 quo
384 2394 645 2456 sequitur,
698 2398 756 2441 ιιι
801 2393 1021 2438 status
1075 2390 1275 2453 quidem
1323 2390 1372 2437 in
1418 2390 1720 2452 aequalitate
1753 2389 1923 2441 locum

235 2463 436 2524 habeat,
476 2469 695 2515 motus
731 2467 900 2510 autem
937 2460 1298 2524 inaequalitate
1326 2460 1529 2509 nitatur.
1604 2458 1766 2510 Causa
1800 2477 1922 2511 vero

233 2535 607 2599 inaequalitatis
647 2539 728 2582 est
766 2532 1151 2593 dissimilitudo,
1188 2533 1330 2580 cuiue
1369 2533 1613 2596 originem
1656 2539 1803 2582 antea
1840 2539 1924 2583 at-

232 2602 454 2672 tigimus.
543 2605 897 2656 lllustrandum
945 2609 1111 2656 tamen
1163 2603 1324 2651 adhuc
1368 2602 1490 2650 illud
1543 2608 1652 2660 cst,
1701 2605 1784 2668 qui
1814 2605 1923 2666 fiat,

231 2688 288 2726 ut
324 2679 516 2743 singula
553 2677 825 2727 secundum
869 2691 1055 2740 genera
1094 2681 1325 2738 separata
1364 2675 1553 2724 moveri
1590 2675 1724 2723 inter
1748 2692 1806 2724 se
1842 2683 1920 2725 at-

231 2765 329 2810 que
366 2751 542 2815 agitari
581 2764 678 2802 non
717 2749 962 2804 desinant.
1037 2746 1110 2794 De
1150 2762 1244 2809 qua
1282 2760 1338 2793 re
1376 2746 1449 2792 sic
1484 2747 1802 2796 statuendum
1841 2748 1919 2795 vi-

229 2822 393 2871 detur.
477 2821 711 2870 Universi
773 2820 1014 2868 circuitus
1067 2818 1180 2883 quia
1230 2817 1523 2865 orbicularis
1575 2823 1681 2877 est,
1741 2823 1918 2868 natura

231 2909 319 2940 sua
373 2892 434 2939 ad
485 2909 540 2940 se
590 2894 704 2957 ipse
753 2890 1014 2940 contendit
1061 2895 1214 2952 atque
1259 2889 1422 2936 onmia
1467 2889 1798 2953 constringit,
1857 2895 1914 2938 ιιι

230 2980 529 3026 nusquam
595 2980 837 3012 vacnum
889 2962 1071 3010 locus
1120 2959 1445 3023 relinquatur.
1547 2959 1658 3020 Quo
1722 2961 1913 3022 evenit,

223 3042 285 3082 nt
319 3041 566 3098 perpetua
602 3037 842 3084 maiorum
882 3033 1230 3101 minorumque
1259 3029 1615 3097 particularum
1654 3031 1913 3085 efficiatur

226 3106 454 3171 agitatiO.
526 3104 582 3156 P.
621 3108 707 3158 58.
743 3107 805 3157 A.
843 3131 909 3142 -
949 3102 1008 3156 C.

288 3357 335 3408 ⁸²)
367 3359 524 3396 Totum
566 3353 678 3392 hunc
713 3354 854 3392 locum
897 3367 1047 3395 rursus
1086 3353 1330 3395 summatim
1371 3355 1625 3409 retulimus,
1670 3353 1826 3409 utpote
1862 3353 1911 3398 in

373 3410 706 3456 Commentarii-
738 3411 916 3460 copiose
947 3426 973 3453 a
1004 3413 1129 3455 nobi·
1162 3415 1439 3454 illustratum.
