2072 3698
662 178 1209 236 PROLEGOMENA.
1709 177 1784 233 25

86 335 212 381 ‘tum
239 327 439 394 quidem
463 323 858 390 perflmmanam
894 321 1291 375 imbecillitatem
1329 320 1508 379 liceat;
1543 332 1782 369 necessa·-

101 400 185 451 riav
221 407 388 449 autem
444 402 660 463 propter
706 398 869 446 divina
903 408 1217 461 cognoscere
1254 393 1562 444 studeamus,
1600 390 1655 440 P.
1693 392 1780 446 (58.

99 472 165 524 Ε.
199 500 269 510 -
303 471 391 546 «39.
427 471 490 519 A.

241 564 344 618 Sed
379 566 662 616 referamus
695 578 788 612 nos
826 577 1000 612 rursus
1038 560 1100 610 ad
1136 561 1414 610 orationem
1445 561 1782 623 superiorem,
1824 610 1826 612 ,

102 655 203 707 quo
251 637 561 689 commodius
600 635 780 682 deinde
819 633 1147 698 disputationi
1183 637 1387 690 nostrae
1425 631 1576 680 finem
1612 634 1785 698 impo-

101 715 308 768 namus.'
374 708 512 757 Dens
559 707 714 771 igitur
762 707 1023 753 materiam
1071 719 1238 752 rerum
1273 703 1516 752 infinitam
1555 708 1608 752 et
1642 705 1788 757 inor—

101 784 320 832 dinatam
357 779 560 843 redegit
595 779 646 825 iu
683 776 939 837 ordinem,
980 781 1131 840 atque
1167 774 1284 824 inde
1324 774 1587 823 fabricavit
1623 775 1785 825 hocce

98 845 410 913 universum,
466 866 616 898 unum
663 849 843 896 animal
891 853 1068 894 cuncta
1114 843 1258 895 inse
1297 846 1651 909 complectens.
1678 848 1786 895 ani-

99 925 248 975 malia
283 930 384 972 tam
422 912 664 969 mortalia‘
691 935 836 983 quam
869 917 1184 969 immortalia.
1255 918 1332 967 Ac
1369 917 1645 965 divinornm
1673 918 1785 983 qui-

87 995 236 1056 dem,
265 989 324 1043 h.
347 1008 393 1044 e.
419 1008 518 1041 non
543 990 798 1054 fragilium
836 996 923 1038 aut
960 989 1277 1049 caducorum,
1315 988 1427 1051 ipse
1449 994 1640 1036 auctor
1663 989 1785 1048 fuit,

101 1066 388 1116 mortalium
436 1078 558 1111 vero
610 1062 1014 1127 procreationem
1055 1060 1188 1124 proli
1225 1075 1345 1108 suae
1380 1061 1643 1109 mandavit.
1710 1060 1786 1110 Hi
1847 1087 1852 1093 ³

100 1139 258 1203 igitur
289 1146 293 1151 '
321 1151 568 1186 summum
636 1132 784 1181 deum
830 1133 1116 1181 imitantes·
1145 1146 1330 1195 quum
1395 1131 1784 1196 principium

101 1207 298 1266 animi
346 1204 606 1255 humani
652 1202 1055 1252 immortale
1103 1202 1562 1265 accepissent,
1624 1218 1786 1257 mor-

98 1280 240 1329 tale
290 1276 522 1326 deinde
559 1290 798 1339 corpus
847 1275 910 1323 ei
954 1272 1563 1333 circumdederunt,
1609 1274 1788 1324 aliam-

101 1367 201 1416 que
253 1349 403 1397 auimi
459 1348 686 1411 specIem
736 1349 886 1394 in'eo
923 1345 1307 1405 adstruxerunt,
1363 1345 1694 1394 vehementes
1727 1362 1819 1396 ac·

100 1421 415 1471 necessarias
465 1419 515 1468 in
565 1433 623 1466 se
670 1417 919 1465 habentes
955 1416 1283 1475 affectiones,
1321 1414 1658 1480 voluptatem,
1696 1416 1790 1465 do·

101 1493 294 1552 lorem,
333 1505 507 1555 spem,
544 1492 752 1549 metum,
790 1487 1125 1546 iracundiam,
1160 1485 1504 1553 cupiditatem,
1576 1487 1656 1536 Ne
1690 1488 1794 1553 igi-''-

102 1570 187 1612 tur
210 1579 326 1627 pars
347 1563 538 1609 animae
576 1559 737 1609 divina
772 1559 983 1607 alterius
1022 1557 1323 1620 contagione
1355 1564 1792 1622 corrumperetur,

102 1635 174 1684 dii
211 1650 296 1682 eas
335 1631 709 1696 sapientissime
746 1629 951 1678 sedibus
990 1629 1094 1676 suis
1131 1633 1490 1691 segregarunt,
1525 1636 1680 1693 atque
1716 1630 1791 1681 al·

103 1710 263 1755 teram
301 1704 351 1752 in
388 1703 582 1767 capite,
618 1701 827 1749 alteram
863 1700 912 1750 in
951 1699 1195 1749 inferiore
1232 1700 1463 1763 corporis
1499 1706 1649 1766 parte
1684 1702 1792 1752 sive

103 1777 315 1838 thora—ce
365 1774 757 1824 collocaverunt.
843 1770 1254 1835 Sed'ignobilior
1289 1772 1449 1819 anima
1488 1788 1637 1835 quum
1673 1789 1792 1821 rur·

103 1865 191 1898 sus
237 1849 289 1896 in
339 1846 460 1893 duas
510 1849 683 1908 partes
734 1846 875 1891 esset
912 1841 1096 1904 divisa,
1132 1842 1344 1891 alteram
1382 1843 1662 1904 meliorem,
1701 1844 1793 1893 de·

103 1920 345 1967 teriorem
383 1917 624 1976 alteram;
660 1914 752 1964 has
783 1929 981 1979 quoque
1004 1919 1365 1978 separaverunt
1392 1913 1793 1979 diaphragmate,

105 1990 355 2054 siquidem
408 1980 472 2038 τὸ
521 1980 782 2051 θυμικόν
825 1986 1038 2034 vicinum
1099 1984 1337 2034 fecerunt
1385 1987 1517 2049 parti
1581 1986 1794 2049 divinae,

107 2077 205 2126 quo
231 2059 428 2109 facilins
458 2058 638 2106 rationi
664 2056 1050 2119 obsequeretur,
1086 2048 1150 2107 τὸ
1174 2050 1589 2123 ἐπιθυμητικόν
1623 2067 1795 2109 autem
1838 2093 1841 2095 -

105 2134 258 2182 interv
300 2131 624 2194 diaphragma
674 2133 726 2176 et
787 2129 1075 2178 umbilicum
1130 2127 1473 2189 collocarunt,
1530 2131 1796 2193 quominus

103 2205 316 2252 rationis
365 2202 561 2265 legibus
611 2201 973 2263 refragaretur.
1061 2199 1134 2248 lta
1185 2201 1340 2264 igitur
1388 2202 1581 2248 animae
1619 2205 1794 2266 partes

104 2276 154 2325 iu
191 2290 406 2339 corpore
442 2273 658 2320 humano
696 2271 894 2320 locatae
933 2277 1068 2323 sunt.
1140 2270 1197 2320 P.
1233 2272 1316 2323 (59.
1357 2272 1416 2322 Α.
1452 2297 1523 2307 ——
1558 2271 1646 2325 70.
1681 2273 1746 2323 A.

250 2384 681 2446 Quemadmodum
732 2397 853 2430 vero
904 2381 987 2429 dii
1039 2386 1246 2432 totum
1294 2399 1539 2447 corpus
1585 2383 1798 2433 huma-

108 2472 246 2505 num
311 2456 820 2519 sapientissime
883 2453 1235 2503 finxerunt
1288 2455 1415 2514 sic,
1475 2460 1543 2503 ut
1603 2456 1799 2506 animi

109 2528 487 2590 mentisque
521 2527 807 2590 imperio
846 2525 1243 2587 inserviret,
1279 2526 1352 2573 ita
1390 2526 1543 2574 etiam
1581 2528 1798 2592 singu·-

113 2600 213 2648 las
253 2599 393 2645 eius
433 2602 656 2661 partes
692 2589 1799 2660 sollertissimeinstruxeruntsic,

110 2678 168 2719 ut
194 2662 517 2733 unaquaeqne
555 2670 653 2716 rite
691 2669 858 2717 munia
893 2683 982 2715 sua
1021 2668 1188 2716 obiret
1225 2674 1278 2716 et
1314 2669 1534 2716 universi
1570 2661 1799 2733 corporis

113 2742 447 2790 ministerium
485 2741 755 2789 adiuvaret.
840 2738 985 2798 Quod
1037 2738 1235 2801 quidem
1285 2739 1348 2787 de
1396 2739 1550 2787 corde
1587 2740 1675 2799 (P.
1711 2741 1809 2788 70..

112 2809 218 2876 R),
262 2812 325 2859 de
365 2812 679 2875 pulmonibus
711 2814 764 2857 et
800 2810 1000 2857 arteriis
1040 2808 1106 2875 (p,
1153 2811 1237 2861 7⁰.
1281 2809 1383 2875 (3.),
1423 2810 1486 2857 de
1514 2811 1796 2870 ventriculo

116 2883 197 2946 (Ρ.
245 2883 329 2931 7⁰.
381 2881 501 2949 lau),
540 2882 603 2930 de
650 2882 870 2944 hepate,
918 2882 968 2928 in
1032 2896 1129 2946 quo
1173 2881 1493 2931 divinationis
1556 2883 1800 2946 quaedam

116 2955 314 3017 species
352 2954 513 3012 inest,
563 2952 645 3020 (P.
696 2954 782 2999 Ἡ.
822 2951 864 3000 Α
905 2947 1072 3017 sqq.),
1121 2952 1184 2999 de
1223 2954 1398 3016 splene
1425 2951 1529 3019 (P.
1566 2953 1652 3005 72.
1692 2952 1799 3019 (2),

115 3023 180 3072 de
227 3025 365 3084 alvo,
418 3025 792 3089 potulentorum
841 3028 895 3070 et
944 3023 1317 3072 esculentorum
1353 3024 1675 3088 receptaculo
1715 3022 1799 3090 (Ρ.

117 3097 202 3144 72.
244 3095 300 3144 Ε.
342 3097 426 3147 ῒζΞ.
476 3094 595 3161 Α),
646 3095 710 3142 de
748 3093 991 3150 medulla,
1032 3110 1156 3157 quae
1195 3102 1276 3143 est
1315 3095 1455 3159 quasi
1490 3096 1622 3144 vitae
1659 3098 1799 3145 radix

120 3168 360 3229 quaedam
411 3172 466 3215 et
516 3168 656 3231 origo
710 3164 790 3228 (P.
842 3165 926 3214 73.
980 3165 1028 3213 B.
1073 3166 1187 3229 (2),
1227 3166 1289 3212 de
1327 3168 1567 3224 cerebro,
1607 3169 1798 3216 animae

118 3239 330 3300 pabulo,
384 3237 457 3294 (P.
507 3238 590 3288 73,
649 3235 761 3301 Q),
810 3235 871 3282 de
925 3237 1090 3282 cranio
1144 3242 1196 3283 et
1248 3237 1445 3285 ossibus
1494 3234 1568 3304 (P,
1612 3238 1697 3290 73.
1741 3240 1798 3291 Ε.

118 3304 246 3371 sq),
285 3307 348 3355 de
383 3309 667 3371 ligamentis
706 3323 762 3353 ac
802 3307 1082 3353 tendiuibus
1124 3303 1200 3374 (P.
1243 3308 1329 3360 Ἡ.
1376 3311 1435 3357 A.
1485 3310 1540 3357 B.
1584 3309 1694 3367 lm,
1736 3311 1799 3357 de

120 3379 382 3436 camillus,
431 3379 676 3426 medullae
726 3384 778 3426 et
815 3378 1001 3426 ossium
1052 3382 1363 3455 tegumentis·
1390 3371 1473 3443 ’(Ρ.
1511 3380 1607 3438 7-1.ι
1637 3381 1695 3431 1).
1734 3381 1797 3432 Ε.

192 3476 302 3518 mat.
334 3481 444 3525 opp.
481 3477 573 3515 vol.
609 3480 699 3514 vn.
1355 3476 1392 3525 3
