2072 3698
228 219 302 271 ¹18
806 211 1352 264 PROLEGOMENA.
2069 271 2072 283 Ι

2068 300 2072 323 1

224 357 508 412 accuratius
545 357 698 407 etiam
735 355 908 408 docuit
945 370 1107 421 nuper
1141 356 1218 404 'vir
1253 356 1510 420 egregius,
1550 353 1607 409 C.
1633 355 1726 408 Fr.
1755 356 1805 408 11
1822 374 1916 408 er·-
2069 328 2072 395 Ῐ

222 446 515 497 mannus,
554 425 858 479 Academiae
895 426 1276 491 Mar-burgensis
1315 435 1661 478 ornamentum
1698 431 1912 496 insigne,

171 540 173 542 -
225 505 564 555 commentat.
613 501 899 549 Academic.
946 498 1241 563 Marburgi,
1293 500 1448 553 1832.
1497 501 1649 553 edita.
1734 500 1910 549 Enim-
2070 492 2072 499 ⁴

220 591 342 626 vero
392 575 503 639 quis
525 572 650 625 ,sibi
699 569 1003 636 persuadeat
1040 570 1213 620 Deum,
1246 585 1274 618 a
1310 570 1619 635 philosopho
1657 573 1707 621 in
1745 572 1910 622 ideam
2061 532 2070 612 l

224 663 342 698 esse
378 659 703 714 conversum,
756 655 905 706 quum
957 641 1111 689 ideae*
1137 642 1282 706 ipsae
1318 659 1346 689 a
1383 650 1551 691 mente
1590 643 1751 693 divina
1784 654 1910 708 pro-

220 720 383 770 ficisci
421 717 666 772 dican-tur,
703 718 856 776 atque
893 710 1018 760 deus
1059 712 1260 762 easdem
1292 713 1544 763 iudicetur
1582 721 1635 763 et
1670 730 1910 779 procrea-

220 793 356 841 visse
395 795 449 837 et
486 791 737 852 perpetuo
777 784 999 833 intueri?
1071 785 1316 834 Nimirum
1342 784 1441 834 hoc
1479 793 1625 836 certe
1661 785 1910 836 eiusmodi

223 869 336 922 est,
373 866 430 909 ut
463 857 641 907 exinde
678 855 1085 904 luculentissime
1121 867 1365 921 appareat
1426 857 1585 906 Deum
1637 859 1790 907 sicuti
1845 857 1909 906 ab

220 935 433 996 reliquis
486 929 657 988 ideis,
696 927 766 975 ita
817 928 966 980 etiam
1015 929 1076 976 ab
1127 929 1241 976 idea
1290 928 1416 977 Boni
1454 930 1704 979 diversum
1740 929 1912 978 insor-

217 1006 360 1057 mari.
442 1002 636 1052 Verum
698 998 830 1047 euim
878 1013 997 1047 vero
1046 998 1184 1049 Deus
1236 995 1378 1049 cum‘
1407 1001 1474 1050 sit
1522 1017 1705 1050 numen
1755 1000 1909 1065 longe

217 1074 688 1143 perfectissimum,
750 1085 870 1120 sane
916 1085 1126 1134 prorsus
1174 1087 1387 1121 necesse
1435 1078 1550 1133 est,
1601 1079 1658 1121 ut
1705 1073 1908 1136 inipso

219 1161 444 1199 summae
482 1149 536 1192 et
572 1141 835 1191 absolutae
869 1140 1203 1205 perfectionis
1240 1145 1444 1208 species
1481 1151 1734 1193 cernatur.
1807 1143 1911 1192 lta·
1984 1175 1986 1178 -

217 1233 318 1287 que
352 1219 464 1282 ipse
501 1214 620 1264 boni
655 1212 802 1261 ideae
837 1213 1128 1278 perfectum
1168 1217 1309 1280 quasi
1349 1216 1609 1280 exemplar
1645 1220 1741 1267 est.
1814 1216 1911 1264 At·
1971 1246 1986 1273 ν

217 1308 317 1358 que
352 1290 482 1340 hanc
509 1288 680 1352 ipsam
718 1285 782 1333 ob
819 1300 1019 1334 causam
1057 1286 1105 1334 ei
1146 1287 1440 1335 attribuitur
1470 1287 1771 1345 bonitas„
1809 1300 1921 1351 nom

174 1374 177 1379 ’
214 1363 358 1432 quasi
404 1362 520 1425 ipse
570 1358 687 1420 boni
721 1355 847 1405 -idea
896 1357 996 1418 sit,
1050 1357 1143 1426 sed
1193 1359 1306 1422 quia
1343 1358 1462 1417 boni
1498 1358 1645 1420 idea,
1693 1358 1911 1423 quaein
1988 1365 1990 1367 ’

215 1440 390 1486 mente
427 1432 589 1480 divina
623 1434 874 1489 versatur,
910 1429 1068 1492 ipsius
1109 1431 1312 1478 numine
1349 1445 1553 1493 semper
1589 1429 1689 1478 fuit
1723 1443 1908 1493 reapse

213 1508 562 1557 consummata
599 1506 651 1550 et
687 1501 935 1551 absoluta.
1009 1501 1259 1563 Quocirca
1296 1518 1391 1551 nec
1429 1517 1695 1565 possumus
1726 1516 1911 1559 assen-

212 1581 302 1628 tiri
335 1576 723 1649 Hermanno
761 1572 797 1624 l.
835 1589 878 1623 c.
920 1587 966 1636 Ρ.
1003 1574 1054 1620 6.
1092 1571 1365 1622 affirmanti
1399 1571 1560 1622 Deum
1601 1589 1661 1622 ex
1697 1573 1912 1638 genuina

212 1649 442 1700 Platonis
488 1646 723 1694 'doctrina
767 1658 867 1693 non
917 1643 1068 1692 aliter
1113 1645 1299 1693 bonum
1338 1661 1454 1708 esse
1494 1660 1647 1708 posse
1683 1646 1781 1694 nisi
1818 1657 1911 1708 per

211 1722 491 1772 bonitatem
550 1718 656 1765 aive
713 1729 807 1779 per
864 1714 1010 1763 ideae
1060 1715 1178 1765 boni
1238 1717 1693 1782 participationem.
1778 1714 1907 1764 Nam

213 1793 463 1843 eiusmodi
510 1787 826 1853 participatio
879 1786 1107 1835 idearum
1155 1788 1204 1836 in
1258 1804 1342 1836 res
1402 1794 1670 1852 generatas
1728 1789 1908 1852 utique

211 1865 375 1924 cadit,
424 1864 473 1911 iu
524 1860 682 1908 Deum
732 1859 895 1922 ipsum
946 1857 1129 1907 cadere
1176 1854 1315 1907 nullo
1375 1859 1525 1908 modo
1574 1857 1908 1908 existimanda

211 1940 309 1989 est.
383 1935 497 1983 Hoc
535 1934 666 1981 enim
706 1931 750 1978 si
787 1932 1143 1990 sumserimus,
1193 1933 1376 1980 merito
1417 1947 1515 1980 non
1558 1931 1720 1979 minus
1758 1945 1907 1995 quam

206 2008 457 2060 Platonici
506 2005 581 2053 illi
630 2017 831 2051 errasse
867 2002 1174 2064 videbimur,
1226 2005 1309 2066 qui
1359 2019 1541 2051 numen
1593 2003 1810 2051 divinum
1855 2002 1908 2051 in

207 2082 374 2131 ideam
427 2066 877 2126 conunutaverunt.
969 2076 1138 2138 Atque
1187 2074 1267 2122 his
1315 2076 1388 2123 ita
1437 2075 1739 2138 exploratis,
1779 2088 1906 2139 quo-

206 2152 361 2202 modo
412 2146 798 2211 intelligendum
838 2145 933 2205 sit,
982 2146 1115 2209 quod
1149 2143 1288 2195 Deus
1326 2146 1513 2195 dicitur
1551 2147 1785 2194 bonitate·
1813 2160 1906 2194 sna

207 2222 454 2287 impulsus
499 2220 633 2267 hunc
682 2216 917 2266 mundum
967 2217 1250 2278 creavisse,
1299 2217 1591 2282 neutiquam
1629 2219 1902 2265 obscurum

207 2296 324 2346 fore
363 2294 721 2344 existimamus.
795 2287 972 2339 Voluit
1019 2289 1150 2337 enim
1201 2305 1323 2337 suae
1370 2290 1528 2353 ipsius
1565 2288 1902 2352 perfectionis

208 2367 530 2420 simulacrum
569 2360 817 2427 quoddam
859 2359 1110 2423 effingere
1145 2359 1364 2425 ideoque
1389 2375 1612 2409 summae
1640 2360 1903 2419 bonitatis,

206 2454 335 2505 quae
378 2438 426 2485 in
465 2437 580 2499 ipso,
613 2435 804 2492 inerat,
858 2432 1084 2495 speciem
1123 2436 1178 2481 et
1214 2432 1483 2499 imaginem
1519 2431 1731 2482 intuitus
1766 2430 1901 2480 hunc

202 2509 440 2562 mundum
480 2504 702 2555 condere
739 2504 981 2553 decrevit.

346 2605 453 2658 Sed
489 2606 612 2658 satis
651 2603 865 2676 dehis:
904 2599 1258 2669 progredimur
1292 2598 1367 2660 ades
1390 2601 1563 2652 mundi
1599 2600 1828 2655 animam.

887 2755 1028 2767 m-——n-n

791 2846 829 2869 'J
888 2883 1030 2966 Cap.
1086 2880 1225 2944 VII.

197 3002 446 3054 Fontes
496 2999 847 3051 doctrinae
897 2997 977 3049 de
1025 2999 1242 3046 anima
1284 2994 1501 3046 mundi
1549 3010 1577 3046 a
1615 2993 1898 3047 Graecia

229 3078 233 3092 ¹
331 3159 337 3164 υ
409 3086 847 3152 philosophis
903 3084 1206 3134 traditae
1249 3083 1673 3147 indagantur.

346 3216 419 3264 Ac
450 3216 662 3278 primum
706 3213 907 3278 quidem
945 3210 1283 3276 quaerendum
1323 3210 1406 3259 hic
1444 3213 1570 3267 erit,
1611 3228 1672 3260 cx
1710 3212 1891 3278 quibus

203 3286 431 3336 fontibus
479 3287 606 3333 haec
657 3286 719 3333 de
756 3287 916 3332 anima
954 3284 1123 3332 muudi
1173 3283 1399 3349 doctrina
1437 3286 1723 3336 innuatur-it.
1797 3282 1890 3332 Vi-

200 3360 380 3407 demur
418 3365 585 3404 autem
626 3373 721 3404 non
773 3356 951 3403 iniuria
990 3357 1173 3417 primas
1202 3355 1311 3402 eiua
1350 3354 1570 3415 origines
1609 3357 1668 3402 ab
1709 3347 1889 3403 lonicis

199 3437 439 3495 repetere
478 3428 812 3492 philosophis.
885 3425 954 3475 111
993 3428 1124 3475 enim
1164 3441 1316 3490 quum
1352 3426 1586 3476 mundum
1617 3443 1731 3475 cum
1770 3440 1891 3472 cor-
