2072 3698
678 163 1223 239 rnom'eoMuNA.
1387 162 1390 163 *
1729 181 1801 234 ιε)

113 330 290 454 Eadem
350 330 536 398 mentiz
587 328 637 378 vi
687 332 742 378 et
792 327 1069 383 efficientia
1115 327 1463 394 procreavisse
1515 326 1803 382 existiman-

152 419 208 452 us
246 407 328 452 est

262 515 330 564 At
377 528 526 570 vero,
562 511 723 575 inquit
761 512 973 576 aliquis,
1008 511 1080 562 ita
1119 511 1164 560 si
1201 516 1346 561 reete
1383 513 1682 572 statuimnS,
1717 508 1805 574 qui

117 586 319 636 tandem
359 585 692 650 philosophus
731 585 976 638 malorum
1015 583 1258 647 'originem
1293 600 1323 632 a
1358 585 1566 632 materia
1621 597 1805 646 corpo-.-

118 674 227 707 rum
278 658 441 721 potuit
477 656 757 719 repetere?
829 655 991 704 Estne
1026 654 1155 703 haec
1188 655 1288 704 isto
1327 654 1477 704 modo
1512 655 1640 704 ideis
1679 654 1804 717 ipsis

118 727 508 792 aequiparanda,
547 729 597 775 in
638 728 815 790 quibus
851 726 998 775 Plato
1036 732 1178 778 certe
1214 726 1397 775 nullam
1437 727 1554 776 mali
1593 726 1804 775 alicuius

95 815 317 851 „eausam
341 799 622 862 quaesivit?
697 798 793 846 Est
819 813 940 846 sane
979 798 1076 844 hoc
1115 797 1317 860 aliquid,
1355 815 1448 847 nec
1485 806 1655 847 tamen
1679 796 1806 846 tanti

116 871 240 920 illud
287 870 559 931 momenti,
605 874 661 937 ut
708 869 1034 933 prudentibus
1082 869 1295 934 multum
1344 870 1565 932 scrupuli
1598 870 1808 918 iniicere

119 958 274 1009 posse
322 941 566 992 videatur.
658 939 786 991 Nam
836 940 1090 1003 exemplar
1139 946 1282 989 certe
1328 937 1594 992 simulacro
1649 941 1808 1004 ipsius

117 1014 473 1079 praestabilius
523 1013 591 1062 sit
638 1027 852 1061 necesse
903 1018 1000 1063 est.
1075 1010 1149 1064 Ex
1195 1027 1294 1076 quo
1345 1013 1710 1075 consequitur„
1752 1016 1810 1060 ut

120 1085 330 1134 mundus
370 1084 725 1148 adspectabilis
764 1084 992 1132 deterior
1029 1083 1094 1132 sit
1131 1083 1314 1132 mundo
1358 1084 1709 1148 intelligibili„
1752 1083 1810 1133 In

123 1170 222 1221 quo
271 1158 385 1220 ipso
435 1171 584 1204 causa
634 1160 686 1203 et
725 1157 867 1220 origo
919 1154 1165 1202 malorum
1205 1155 1348 1203 latet.
1422 1155 1558 1209 ¹Nam
1610 1154 1808 1219 longius

111 1236 245 1278 ‘salle
294 1227 382 1276 ille
431 1229 492 1275 ab
542 1243 714 1275 rerum
765 1227 1040 1275 divinarum
1077 1227 1385 1288 praestantia
1422 1228 1583 1279 abest.
1655 1226 1811 1280 Valet

122 1304 290 1352 autem
331 1299 603 1351 secundum
639 1298 904 1349 Platonem
937 1313 1031 1362 per
1059 1295 1218 1348 totam
1256 1314 1425 1346 rerum
1450 1303 1501 1346 et
1524 1297 1809 1350 animalIum

122 1378 349 1421 naturam
387 1370 513 1418 haec
562 1370 671 1430 lex,
720 1374 777 1418 ut
821 1384 919 1434 qno
961 1367 1079 1433 quid
1114 1370 1272 1434 magis
1310 1370 1371 1417 ab
1409 1370 1538 1419 ideis
1576 1369 1808 1435 descivit,

124 1457 187 1489 eo
238 1442 383 1507 peius
431 1457 488 1489 ae
536 1441 763 1493 deterius
804 1439 985 1492 evadat
1032 1439 1251 1506 ideoque
1288 1441 1439 1496 etiam
1477 1440 1610 1495 malo
1648 1442 1811 1509 magis

123 1514 394 1564 obnoxium
430 1511 687 1566 reddatur.

267 1625 336 1676 Et
371 1625 499 1678 haec
547 1624 748 1690 quidem
797 1624 861 1676 de
883 1640 1064 1690 „rerum
1112 1624 1374 1691 principiis
1412 1624 1704 1690 explicanda
1740 1626 1816 1676 vi..

124 1696 415 1759 debantur,‘
450 1713 578 1764 quae
631 1699 732 1747 etsi
778 1713 1007 1765 magnam
1043 1703 1242 1762 partem
1279 1712 1406 1746 nova
1443 1702 1561 1746 sunt
1595 1697 1813 1750 necdum
1872 1705 1874 1707 ’

123 1774 155 1819 a'
190 1784 438 1835 quoquam
484 1770 668 1819 idoneo
703 1768 857 1819 modo
892 1766 1174 1830 illustrata,
1211 1773 1380 1818 tamen
1419 1785 1683 1835 speramus
1721 1770 1812 1819 fu-

122 1857 235 1891 rum
285 1857 429 1902 esse,
477 1846 536 1889 ut
584 1842 700 1890 ideo
747 1857 848 1894 non
897 1846 1100 1892 temere
1135 1841 1379 1892 conficta
1441 1841 1814 1896 existimentur.

126 1912 283 1962 Certe
330 1911 534 1977 quidem
581 1913 634 1961 id
683 1912 915 1961 dedimus
953 1928 1189 1978 operam,
1226 1916 1283 1961 ut
1320 1911 1583 1962 Platonem
1625 1929 1686 1962 ex
1723 1930 1816 1965 sua

123 1984 287 2049 ipsius
336 1985 534 2033 ratione
581 1992 659 2033 ω’
686 1983 952 2050 disciplina
1011 1985 1482 2048 interpretaremur.
1564 1983 1818 2049 Superest

125 2060 295 2109 tamen
331 2060 388 2105 ut
425 2055 489 2104 de
524 2055 620 2105 hac
656 2057 767 2121 ipsa
803 2056 1015 2106 materia
1049 2055 1235 2122 aliquid
1271 2055 1605 2108 adiiciendum
1641 2057 1725 2111 sit.

262 2184 468 2234 Etenim
504 2198 654 2249 quum
689 2185 788 2235 iam
818 2188 1085 2250 appareat,
1138 2200 1379 2250 quaenam
1416 2185 1486 2236 sit
1521 2186 1594 2236 vis
1634 2191 1688 2237 et
1721 2203 1833 2237 na«

126 2257 241 2304 tura
275 2258 653 2320 principiorum,
693 2257 824 2305 unde
860 2257 1029 2306 mundi
1067 2258 1210 2322 origo
1248 2257 1522 2310 secundum
1554 2258 1820 2310 Platonem

96 2327 406 2389 repetenda
448 2329 546 2387 sit,
582 2332 690 2377 tum
729 2330 879 2377 etiam
913 2328 1040 2376 illud
1059 2329 1412 2382 observatione
1438 2345 1538 2378 non
1561 2330 1820 2395 indignum

136 2399 254 2457 erit,
281 2397 412 2460 quod
435 2398 499 2445 de
523 2413 695 2446 eorum
720 2400 883 2448 causis
909 2404 965 2448 et
983 2400 1263 2449 rationibus
1291 2401 1435 2448 nobis
1456 2402 1820 2464 'persuasimuffi

135 2467 357 2518 Videtur
381 2470 511 2518 enim
538 2469 871 2533 philosophus
895 2470 947 2519 in
976 2470 1058 2520 his
1082 2486 1282 2535 quoque
1303 2471 1586 2525 Philolaum
1612 2479 1820 2524 secutus

137 2555 270 2600 esse,
303 2541 387 2604 qui
425 2542 586 2589 omnia
625 2556 687 2588 ex
721 2541 916 2590 infinito
954 2546 1008 2591 et
1041 2542 1252 2591 finiente
1293 2542 1391 2606 (τῷ
1416 2543 1587 2611 πέρας
1618 2543 1821 2612 ἔχοντι)

137 2612 434 2660 moderante
483 2627 661 2659 caussa
708 2613 872 2675 aliqua
921 2613 1044 2662 oriri
1088 2614 1319 2674 censuit,
1365 2615 1435 2663 ita
1485 2615 1716 2677 quidem,
1765 2620 1825 2666 ut

138 2683 220 2744 id,
271 2683 405 2745 quod
455 2690 621 2731 ortum
669 2691 841 2744 esset,
892 2700 955 2733 ex
989 2688 1207 2748 utroque
1242 2685 1331 2736 illo
1367 2686 1575 2738 mixtum
1612 2692 1666 2736 et
1701 2683 1823 2737 con-2

142 2756 315 2803 ilatum
360 2755 648 2805 haberetur.
734 2755 880 2818 Quod
932 2757 977 2806 si
1023 2757 1095 2804 ita
1133 2772 1192 2805 se
1226 2756 1411 2817 habet,
1448 2755 1616 2818 Deua,
1653 2759 1825 2815 mundi

145 2831 322 2876 auctor
370 2826 801 2888 sapientissimus,
845 2826 945 2876 er-it
993 2820 1056 2878 τὸ
1109 2824 1319 2886 αἴτιον,
1368 2793 1514 2877 ideae
1550 2823 1614 2879 τὸ
1646 2831 1826 2911 πέρας

143 2897 267 2964 ἔγω,
281 2933 294 2958 ,
332 2899 542 2946 materia
579 2891 641 2949 τὸ
681 2889 927 2964 ἄπειρον,
964 2897 1181 2961 denique
1203 2898 1414 2947 mundus
1448 2900 1559 2963 ipse
1594 2894 1658 2951 τὸ
1694 2919 1824 2967 συμ,

135 2969 501 3034 μεαιρμένον.
583 2968 830 3017 Nimirum
877 2968 976 3016 hoc
1026 2974 1258 3032 tanquam
1294 2969 1540 3030 formale,
1578 2973 1711 3034 quod
1749 2975 1825 3023 di·

147 3044 302 3098 eunt,
350 3039 646 3103 principium
707 3040 1145 3104 Pythagoreorum
1194 3041 1459 3090 Platonem
1508 3046 1824 3097 meminimus

150 3125 513 3172 saepenumero
567 3112 725 3159 tacite
772 3111 834 3159 ad
892 3127 1063 3159 rerum
1122 3112 1522 3175 gravissimarum
1583 3117 1826 3181 originem

150 3186 479 3243 naturamque
529 3182 873 3233 illustrandam
921 3182 1242 3243 adhibuisse,
1288 3188 1347 3232 ut
1383 3200 1482 3234 non
1519 3190 1717 3236 temere
1754 3190 1826 3236 vi-

152 3252 364 3301 deamur
428 3255 669 3316 suspicari
726 3271 838 3301 eum
885 3253 970 3301 hic
1013 3267 1214 3317 quoque
1251 3254 1486 3306 illudfflob
1522 3260 1698 3308 oculos
1735 3259 1826 3308 ha·-

150 3322 342 3445 buisze,
375 3338 472 3384 quo
500 3324 623 3442 iloco
661 3326 726 3376 de
761 3325 920 3379 totius
957 3340 1126 3380 rerum
1161 3323 1369 3384 naturae
1403 3334 1519 3380 ortu
1554 3332 1830 3388 subtilissi-

151 3408 232 3443 me
305 3396 496 3457 isputav
520 3402 557 3448 t.
