2072 3698
385 1243 1519 1385 mulmamwA.

283 1599 398 1651 Etsi
432 1601 521 1664 iis,
557 1616 686 1667 quae
719 1599 783 1649 ad
821 1600 1081 1650 Timaeum
1117 1604 1342 1649 nostrum
1377 1600 1723 1652 illustrandum
1760 1601 1812 1652 in

147 1673 522 1738 prolegomenis
555 1679 609 1722 et
644 1673 1013 1722 commentariis
1053 1673 1403 1736 exposuimus,
1447 1690 1577 1723 nunc
1614 1673 1815 1738 quidem

149 1744 275 1794 nihil
311 1745 532 1794 adiicere
568 1745 1008 1808 constitueramus,
1046 1743 1440 1808 quandoquidem
1476 1749 1615 1794 tanta
1651 1750 1732 1794 est
1765 1745 1825 1798 in„

140 1816 248 1864 Vhoc
271 1815 404 1866 libro
429 1832 597 1865 rerum
617 1814 1021 1864 illustrandarum
1058 1815 1229 1879 copia,
1265 1820 1322 1862 ut
1344 1815 1439 1864 nisi
1462 1817 1574 1881 ipse
1597 1817 1688 1865 tibi
1710 1830 1821 1866 mo«

151 1886 267 1935 dum
282 1885 650 1936 commentandi
666 1886 1073 1951 praescripseris,
1090 1890 1232 1934 certe
1255 1901 1500 1951 nunquam
1525 1887 1585 1935 ad
1609 1888 1825 1953 aliquem

151 1959 304 2008 finem
340 1959 410 2008 sis
449 1963 811 2023 perventurus;
847 1964 1014 2007 tamen
1051 1957 1224 2005 facere
1259 1972 1358 2007 non
1397 1960 1667 2024 potuimus,
1705 1959 1825 2022 quin

155 2043 328 2085 eorum
366 2037 510 2078 certe
559 2029 861 2078 mentionem
908 2029 1256 2090 iniiceremus,
1303 2044 1429 2093 qnae
1468 2045 1630 2094 nuper
1666 2030 1828 2079 Her-

155 2115 414 2150 mannus
436 2100 797 2148 Bonitzius
834 2100 882 2147 in
905 2100 1064 2148 librox
1100 2098 1626 2163 Disputationes
1665 2101 1830 2150 duae

159 2171 589 2230 Platonicae,
624 2169 850 2219 Dresdae
890 2170 1042 2219 1837.
1079 2169 1129 2219 8.
1168 2170 1335 2232 edito,
1373 2171 1440 2219 de
1473 2173 1652 2222 iisdem
1677 2173 1832 2223 rebus

165 2243 423 2306 exposuit,
471 2256 593 2305 quas
641 2256 670 2292 a
704 2242 848 2288 nobis
885 2241 1011 2305 ipsis
1045 2241 1142 2289 iam
1186 2241 1238 2289 in
1277 2242 1520 2306 peculiari
1556 2244 1834 2308 scriptione

162 2319 404 2363 tractatas
440 2313 491 2362 in
526 2312 620 2360 hac
659 2312 856 2361 Timaei
892 2311 1112 2361 editione
1152 2313 1334 2363 iterum
1381 2314 1636 2364 illustrare
1670 2314 1838 2365 conati

165 2400 355 2440 sumus,

307 2484 381 2534 Et
432 2486 573 2550 prior
618 2481 816 2548 quidem
864 2480 1154 2530 Bonitzii
1203 2472 1478 2547 disputatio
1514 2485 1576 2538 ad
1612 2500 1726 2539 eum
1763 2484 1843 2534 lo.-

174 2570 286 2602 cum
324 2555 679 2627 philosophiae
718 2553 1005 2601 Platonicae
1042 2554 1288 2623 pertinet,
1327 2570 1472 2619 quem
1508 2557 1556 2604 in
1596 2556 1841 2621 Prolego-

172 2627 334 2675 menis
371 2643 421 2691 p.
459 2628 546 2679 47.
583 2641 682 2674 non
717 2631 816 2672 tam
855 2623 1238 2687 explicavimus,
1287 2641 1430 2690 quam
1468 2627 1688 2678 breviter
1725 2643 1847 2692 per·-

177 2699 481 2753 strinximus.
562 2697 760 2744 Docere
795 2695 938 2742 ‘enim
987 2695 1073 2743 ille
1116 2694 1232 2744 inde
1280 2711 1308 2744 a
1355 2713 1466 2762 pag.
1504 2698 1553 2750 ⁶2.
1590 2714 1750 2762 usque
1784 2696 1850 2751 ad

180 2770 268 2822 31.
306 2775 515 2817 conatus
552 2772 633 2815 est
690 2766 852 2814 Deum
902 2766 1066 2834 ipsum
1102 2771 1253 2830 atque
1287 2767 1450 2823 ideam
1486 2768 1613 2818 Boni
1652 2769 1851 2818 Platoni

183 2840 358 2904 ntique
408 2855 558 2890 uuum
605 2837 839 2900 idemque
887 2851 1019 2884 esse.
1102 2836 1259 2899 Quam
1314 2841 1605 2887 sententiam
1646 2841 1743 2890 etsi
1778 2841 1855 2894 vir

185 2911 363 2963 doctus
401 2909 631 2964 defendit
660 2908 929 2966 acerrime,
968 2912 1131 2955 tamen
1167 2908 1291 2957 nihil
1326 2927 1532 2974 usquam
1581 2911 1708 2976 apud
1740 2925 1858 2962 eum

188 2984 499 3046 reperimus,
549 2979 683 3044 quod
730 2995 814 3038 ea,
866 2993 991 3049 quae
1040 2978 1222 3028 dudum
1272 2982 1649 3047 scripsissemus
1704 2989 1860 3046 atque

189 3054 521 3119 typographis
567 3049 860 3112 divulganda
907 3048 1310 3108 tradidissemus,
1359 3052 1462 3099 ullo
1517 3054 1665 3109 modo
1712 3053 1863 3107 infir-u·

197 3139 334 3172 mare
357 3124 628 3172 videretur.
686 3121 930 3168 Nolumus
956 3135 1085 3172 nuuc
1112 3135 1285 3169 causas
1305 3128 1509 3176 nostrae
1533 3124 1861 3179 dissensionis

198 3195 270 3241 ita
291 3193 600 3257 patefacere,
635 3195 693 3240 ut
729 3206 923 3246 omnem
962 3192 1068 3243 eins
1104 3195 1579 3255 argumentationem
1606 3196 1864 3249 subtiliter

184 3275 578 3328 persequamur.
649 3261 909 3322 Sufficiet,
948 3263 1161 3326 opinor,
1196 3265 1350 3318 verbo
1386 3265 1702 3329 indicavisse,
1750 3265 1870 3332 quicl

204 3336 304 3396 sit,
348 3337 400 3384 in
445 3351 543 3399 quo
592 3337 741 3397 caput
791 3337 844 3380 et
891 3333 1005 3381 sons
1059 3334 1279 3398 erroris,
1323 3335 1374 3391 in
1422 3353 1568 3407 quem
1618 3339 1705 3392 ille
1754 3352 1868 3392 cum

179 3408 311 3457 'aliis
347 3406 574 3476 plurimis
608 3404 810 3468 incidit,
842 3402 1004 3454 latere
1037 3404 1279 3460 videatur.
1359 3406 1627 3461 Enimvero
1664 3424 1761 3461 nou
1797 3409 1877 3459 in·-
