2072 3698
715 166 1259 257 rnomcommm.
1765 202 1838 256 15

155 348 432 412 maliumin
450 348 570 414 aere
593 345 885 414 degentium
908 351 964 396 et
983 344 1258 406 elatorum;
1283 345 1492 397 tertium
1516 346 1836 412 aquatilium3

143 433 390 491 ‘quartum
423 420 638 483 denique
674 419 1017 472 terrestrium.
1085 418 1226 483 Quae
1245 417 1446 481 quidem
1467 434 1657 484 genera
1693 435 1840 484 pror-

156 513 247 547 sus
290 492 604 561 respondent
649 497 863 554 quatuor
894 505 1065 540 rerum
1102 490 1399 550 elementis,
1450 491 1696 554 siquidem
1733 507 1839 555 ge-

157 584 279 619 nus
315 563 619 616 coeleste
659 562 763 628 igni
810 566 1077 626 cognatum
1126 565 1224 621 est.
1295 561 1366 610 Et
1402 560 1465 610 de
1501 562 1600 610 hoc
1634 564 1837 626 quidem

157 637 402 689 Timaeus
436 635 679 698 deinceps
726 634 800 681 sic
842 634 1062 696 exponit.
1132 631 1353 682 Divini
1379 633 1580 697 quidem
1614 649 1837 699 genae,

157 711 336 773 inquit,
370 708 507 756 Deus
543 705 823 753 fabricabat
857 706 1069 753 maxime
1107 719 1168 753 ex
1201 705 1344 768 igne,
1383 711 1439 754 ut
1481 721 1627 767 quam
1667 706 1838 770 splen-

157 781 468 831 didissimum
507 781 646 827 esset
686 780 741 824 et
777 780 988 839 aspectu
1024 775 1428 840 pulcherrimum*
1508 777 1839 826 Universitati

137 856 326 902 'autem
363 848 529 900 simile
566 847 799 897 efficiens
834 843 1101 895 rotundam
1137 847 1186 896 ei
1231 848 1408 896 tribuit
1439 847 1652 913 figuram
1677 885 1693 909 s
1729 863 1840 897 mo-

155 931 368 986 tumque
405 937 555 980 eum,
588 918 674 982 qui
709 918 1171 982 praestantissimae
1207 925 1412 968 naturae
1446 927 1587 969 esset
1623 934 1837 969 consen·

156 990 354 1045 teneus.
436 991 612 1054 ltaque
653 989 905 1039 sideribus
951 988 1318 1051 inex-rantibus,
1355 995 1534 1054 utpote
1583 991 1837 1040 diviniori-

152 1067 285 1127 bus,
336 1064 436 1114 hoc
475 1062 666 1120 dedit‚·
691 1066 748 1110 ut
783 1060 963 1109 eodem
999 1060 1149 1109 modo
1183 1062 1236 1110 in
1271 1061 1450 1111 eodem
1487 1078 1690 1127 semper
1723 1062 1837 1110 vol-
1932 1093 1936 1109 J

155 1140 396 1187 verentur
443 1141 498 1183 et
538 1137 785 1198 perpetuo
835 1135 1125 1192 manerent;
1173 1146 1302 1195 quae
1346 1139 1515 1183 autem
1558 1150 1680 1200 vaga
1717 1138 1836 1183 sunt

158 1215 214 1259 et
250 1206 474 1257 mutabili
521 1205 717 1254 ratione
761 1202 1026 1265 labuntur,
1074 1219 1134 1252 ea
1176 1205 1248 1253 ita
1300 1210 1417 1253 sunt
1464 1214 1732 1271 generata,
1779 1209 1838 1255 ut

143 1279 406 1346 ‘duplicem
443 1277 664 1326 habeant
699 1280 917 1336 motum,
963 1275 1210 1337 alterum,
1244 1277 1330 1340 qui
1381 1283 1611 1326 versatur
1655 1278 1706 1326 in
1747 1291 1837 1325 eo·
1920 1327 1922 1329 ,

156 1352 298 1412 dem,
347 1350 593 1408 alterum,
641 1347 726 1410 qui
763 1350 881 1394 ante
915 1346 1212 1411 ingreditur.
1282 1347 1428 1410 Quod
1476 1364 1596 1397 vero
1646 1353 1837 1398 terram

156 1425 370 1482 attinet,
427 1420 557 1470 hanc
605 1419 739 1467 circa
785 1433 927 1467 axem
973 1432 1068 1482 per
1109 1424 1274 1466 totum
1322 1420 1662 1483 pertinentem
1710 1435 1839 1468 con-

156 1495 384 1544 strictam
434 1490 598 1541 noctis
642 1493 699 1538 et
734 1487 837 1537 diei
874 1488 1136 1537 custodem
1173 1489 1321 1537 iussit
1355 1505 1474 1538 esse
1509 1497 1664 1554 atque
1710 1491 1836 1540 effe-

140 1566 392 1624 ¹cti-icem,
447 1563 657 1626 primam
715 1564 770 1608 et
829 1559 1220 1621 antiquissimam
1272 1560 1510 1622 deorum,
1562 1564 1648 1626 qui
1703 1563 1837 1612 intra

155 1635 355 1694 coelum
404 1633 632 1698 generati
680 1635 814 1678 sunt.
898 1630 1137 1678 Ceterum
1188 1634 1542 1680 conversiones
1596 1639 1648 1682 et
1694 1634 1840 1697 quasi

152 1707 448 1758 saltationes
473 1701 830 1753 mundanorum
867 1715 1133 1765 corporum
1171 1701 1462 1772 describere
1482 1704 1835 1753 difficillimum

154 1785 238 1830 est
260 1777 520 1842 negotium
557 1779 612 1823 et
646 1774 707 1822 ab
744 1772 844 1821 hoc
881 1772 995 1821 loco
1018 1773 1248 1824 alienum.
1287 1773 1345 1827 P.
1363 1775 1460 1829 39.
1484 1775 1545 1830 Ε.
1567 1803 1636 1812 -
1661 1777 1748 1829 40.
1772 1775 1834 1831 l).

219 1880 226 1884 ’
291 1876 395 1926 Iam
432 1875 641 1924 istorum
681 1871 887 1921 deorum
925 1873 1180 1922 mentione
1203 1873 1387 1922 iniecta
1413 1860 1653 1925 Timaeus
1678 1891 1832 1941 quae-

140 1943 267 1999 ‘dam
307 1947 444 1996 addit
479 1946 561 1994 de
597 1945 747 2005 diis,
782 1944 891 2006 qui
925 1945 1120 2010 vulgo
1152 1945 1621 1997 credebantur.
1693 1949 1832 2010 Quos

153 2019 352 2085 quidem
391 2034 422 2067 e
455 2014 506 2065 T
509 2031 629 2065 erra*
657 2021 710 2064 et
748 2013 907 2064 Coelo
945 2020 1086 2064 ortos
1122 2017 1193 2064 ait
1229 2017 1327 2076 ita,
1382 2022 1439 2066 ut
1475 2020 1619 2083 origo
1658 2035 1833 2068 eorum

153 2097 380 2142 nostram
425 2093 635 2153 superet
685 2086 1087 2151 intelligentiam.
1175 2087 1421 2150 Quocirca
1469 2104 1565 2138 non
1615 2090 1721 2139 vult
1769 2090 1833 2138 de

144 2164 216 2213 'iis
251 2175 531 2227 exponere,
580 2157 672 2207 sed
719 2157 973 2207 detrectat
1007 2173 1204 2216 omnem
1238 2159 1386 2210 huius
1420 2161 1497 2210 rei
1535 2161 1834 2228 disputatio-

120 2253 123 2258 ·
153 2249 286 2291 nem.
359 2231 417 2286 P.
453 2232 539 2282 40.
577 2229 639 2282 D.
680 2225 744 2267 —'
780 2229 870 2279 41.
904 2229 967 2280 A.

297 2342 412 2393 Hoc
446 2356 567 2390 vero
606 2341 860 2404 sapienter
894 2340 964 2390 ita
1000 2340 1061 2390 ab
1099 2355 1161 2390 eo
1197 2340 1386 2391 factum
1426 2358 1561 2404 esse,
1598 2344 1709 2407 quis
1754 2348 1834 2392 est

157 2416 278 2481 quin
325 2413 494 2463 statim
539 2412 792 2476 intelligat
841 2427 1014 2462 secum
1049 2417 1316 2475 reputans,
1361 2416 1616 2479 vulgarem
1654 2431 1833 2478 super-

157 2487 416 2539 stitionem
475 2485 768 2547 impugnare
815 2497 963 2545 quam
1022 2484 1358 2546 periculosum
1406 2484 1601 2535 fuerit?¹
1687 2485 1833 2548 Quod

158 2573 281 2608 vero
321 2556 466 2606 Plato
503 2561 637 2603 astra
677 2554 856 2602 statuit
890 2569 1008 2602 esse
1045 2554 1206 2602 divina
1241 2556 1318 2603 vel
1357 2555 1509 2618 deos,
1546 2557 1610 2604 de
1648 2572 1708 2605 eo
1747 2572 1834 2605 ex-

163 2628 334 2696 posuit
382 2625 762 2676 Chalcidius
811 2623 922 2679 Vn.
973 2623 1022 2690 ς.
1079 2626 1183 2673 129
1219 2640 1291 2687 sq.
1338 2641 1383 2689 p.
1431 2629 1534 2675 327
1575 2643 1649 2690 sq.
1695 2627 1833 2680 conf.

159 2701 472 2765 Epinom„c.
507 2696 558 2745 7.
594 2695 676 2744 ed.
723 2696 835 2746 Ast.
915 2694 1158 2744 Nimirum
1204 2696 1304 2744 snit
1347 2698 1473 2746 haec
1521 2699 1689 2762 opinio
1737 2700 1834 2748 iam

159 2778 356 2824 mature
401 2784 432 2818 a
469 2767 678 2817 Graecis
724 2766 1041 2830 philosophis
1091 2773 1326 2831 suscepta
1371 2769 1516 2826 ideo,
1565 2770 1680 2832 quia
1725 2786 1840 2820 cum

160 2840 354 2907 vulgari
400 2839 613 2889 deorum
663 2838 830 2896 cultu,
879 2838 1038 2886 veluti
1086 2839 1330 2902 Apollinis
1381 2846 1434 2889 et
1470 2839 1685 2898 Dianae,
1732 2857 1838 2890 ma-

162 2914 295 2964 xime
343 2917 453 2960 erat
497 2915 722 2975 cognata.
806 2908 881 2957 lta
924 2909 1288 2976 Anaximander
1338 2915 1475 2960 teste
1522 2912 1838 2961 Cicerone

163 2984 232 3034 (le
266 2981 383 3032 Nat.
429 2978 582 3033 Deor.
624 2981 685 3040 1,
734 2979 815 3027 1⁰.
856 2984 990 3026 astra
1028 2995 1118 3043 pro
1155 2979 1249 3028 diis
1287 2980 1488 3043 habirit,
1537 2982 1668 3045 quod
1705 2984 1838 3034 idem

166 3053 466 3104 confirmant
511 3051 832 3101 Stobaeus
880 3048 1054 3115 Eclog.
1093 3051 1246 3115 Phys,
1283 3067 1328 3116 p.
1367 3053 1452 3103 56.
1501 3051 1837 3104 Plutarch.

166 3124 345 3176 Placit.
382 3121 514 3172 Phil.
549 3123 589 3172 Ι.
622 3122 684 3182 7,
725 3121 809 3171 11.
848 3126 902 3169 et
937 3121 1282 3185 Augustin.
1306 3120 1396 3172 De
1431 3123 1537 3174 Civ.
1569 3124 1666 3174 Dei
1699 3125 1837 3176 Vlll.

169 3196 222 3247 2.
294 3194 352 3244 In
386 3192 562 3243 eadem
600 3191 853 3242 sententia
888 3192 1036 3239 etiam
1069 3191 1382 3275 Pythagoras
1419 3195 1534 3255 fuit,
1569 3211 1716 3259 quem
1742 3198 1838 3246 ci-

100 3290 103 3291 ’
157 3261 326 3317 ''cero
360 3263 513 3317 Acad.
549 3263 638 3317 lv.
685 3265 772 3314 37.
822 3266 874 3311 et
908 3261 1171 3326 Diogen.
1213 3263 1429 3315 Laert.
1473 3267 1605 3318 Vlll.
1645 3284 1695 3333 p.
1733 3267 1840 3317 582

168 3351 249 3402 sq.
282 3339 488 3386 narrant
521 3335 711 3397 solem,
745 3334 910 3383 lunam
948 3337 1003 3382 et
1037 3334 1230 3398 reliqua
1263 3336 1431 3386 sidera
1476 3337 1614 3387 Deos
1667 3339 1839 3404 appel-

168 3406 370 3464 lavisse.
434 3405 653 3460 unctum
700 3419 821 3458 vero
866 3417 930 3458 ex
964 3403 1064 3458 hoc
1109 3404 1226 3460 loco
1259 3407 1530 3462 discrimen
1564 3407 1674 3462 τῶν
1711 3407 1837 3482 dpa-
