2072 3698
246 183 319 236 42
848 175 1396 233 PROLEGOMENA‘.

251 325 304 380 4.
342 341 392 391 p.
432 324 516 376 Π.
569 327 626 372 et
674 322 712 372 1.
759 323 808 373 9.
847 324 949 372 illis
979 317 1116 385 ὕλην
1156 321 1260 374 τοῦ
1294 317 1536 390 μεγάλου
1581 324 1671 376 καὶ
1712 325 1814 378 τοῦ
1846 348 1939 395 Ju-

251 396 401 463 κροῦ,
433 393 791 458 adscripserim
839 395 904 442 (le
954 410 1049 458 qua
1099 409 1157 442 re
1202 394 1301 442 alio
1349 395 1462 444 loeo
1504 396 1701 446 dicendi
1739 402 1941 449 occasio

253 471 371 518 erit.
444 467 638 515 Deinde
674 466 1005 530 iniminuitur,
1043 480 1134 513 cur
1170 470 1536 517 asseueraxerit
1574 477 1627 516 et
1664 473 1942 520 contende-

249 541 320 589 rit
357 539 618 620 Platonem
659 555 757 595 τας
806 538 957 596 ὶὸέας
1001 538 1234 616 χωρίσαι
1266 540 1371 586 sive
1399 533 1674 609 χωριστὰς
1710 558 1943 603 ποιησαι

210 608 211 611 '
253 618 409 675 atque
473 604 622 658 meac}
674 626 743 656 τα
796 600 1051 668 αὶσῖἰητα
1111 607 1456 661 collocavisse
1560 613 1635 659 lta
1680 618 1762 661 est
1808 615 1940 663 enim

253 681 545 747 Metapbys.
585 680 620 731 l
659 695 702 726 c.
740 679 789 727 6.
834 695 883 743 p.
925 678 1010 729 20
1052 677 1128 730 ed.
1171 679 1354 734 Brand
1394 681 1453 734 Π.
1502 682 1552 734 2.
1591 681 1677 733 VL
1715 683 1763 731 2.
1803 682 1943 738 Xill

252 754 510 806 4.-Ethic.
553 751 612 798 ad
651 749 845 800 Nicon).
889 750 925 797 1.
964 750 1013 800 4.
1052 749 1222 814 Magn.
1261 747 1443 802 Moral.
1483 752 1520 804 Ι.
1568 755 1609 806 Ι.
1640 754 1699 801 ad
1733 755 1944 809 Eodem.

252 826 291 875 Ι.
328 825 380 874 S.
455 822 598 885 Quod
639 822 748 882 quis
791 826 872 868 est
909 821 992 883 qui
1031 823 1125 869 sibi
1165 825 1470 886 persuadeat
1508 830 1703 873 temere
1732 827 1797 874 ita
1823 843 1945 876 con-

251 897 373 960 fingi
425 894 656 959 potuisse
707 893 766 939 ab
807 891 1010 940 homine
1049 895 1368 954 acutissimo,
1408 897 1490 958 qui
1524 896 1755 946 Platonis
1793 899 1944 948 sami-

251 968 473 1016 liaritate
511 966 696 1012 diutius
735 980 854 1011 usus
881 969 1063 1023 esset,
1101 979 1245 1028 quam
1288 967 1519 1030 plerique
1564 967 1717 1016 hodie
1755 973 1946 1034 scripta

254 1041 362 1087 eius
401 1037 626 1086 manibus
664 1050 874 1083 versare
913 1035 1118 1085 solent?
1194 1036 1294 1085 Sed
1334 1055 1455 1103 age,
1506 1047 1731 1088 mentem
1771 1041 1947 1090 Plato-

255 1111 361 1170 nis,
401 1125 494 1157 nec
533 1108 594 1155 ab
632 1106 915 1155 Aristotele
952 1108 1075 1156 satis
1104 1119 1416 1173 perceptam,
1454 1112 1735 1160 accuratius
1774 1114 1944 1176 paullo

254 1182 456 1246 aperire
507 1193 776 1228 conemur·
833 1193 930 1241 qua
975 1180 1087 1244 ipsa
1132 1196 1192 1228 re
1229 1181 1515 1243 efficietur,
1561 1188 1620 1231 ut
1658 1184 1806 1232 etiam
1847 1185 1946 1234 '11-

255 1268 426 1302 maeus
467 1252 576 1299 eius
622 1243 792 1298 multis
828 1251 878 1299 in
920 1251 1146 1315 partibus
1187 1253 1377 1301 rectius
1417 1259 1469 1300 et
1519 1254 1752 1302 subtilius
1789 1256 1948 1305 intel-

254 1325 461 1390 ligatur.
545 1321 785 1370 Putamus
835 1321 989 1386 igitur
1035 1318 1297 1381 Platonem
1351 1340 1501 1386 quum
1554 1326 1615 1372 ab
1665 1325 1792 1375 ideis
1841 1329 1946 1377 suis

255 1408 454 1444 omnem
494 1399 731 1443 terrenae
767 1393 977 1442 alicuius
1018 1395 1356 1443 comretionis
1381 1397 1741 1460 cogitationem
1767 1414 1949 1463 segre-

256 1474 420 1533 gatam
462 1483 519 1514 ac
564 1466 840 1513 seiunctam
881 1474 999 1514 esse
1048 1466 1228 1525 vellet
1281 1473 1446 1515 tamen
1488 1467 1667 1516 iisdem
1707 1471 1949 1519 tribuisse

253 1540 385 1593 hoe.
423 1543 481 1586 ut
517 1540 692 1585 νεύει-ε
733 1527 907 1584 essent
943 1553 1000 1584 ac
1039 1552 1225 1600 perse
1263 1555 1493 1586 seorsum
1550 1545 1841 1590 constarent
1885 1542 1948 1590 ab

255 1612 389 1661 omni
438 1625 606 1657 rerum
658 1610 977 1657 tenestrinm
1026 1610 1303 1656 mutatione
1341 1627 1398 1658 ac
1439 1611 1783 1661 τὶοίεείῑιιόῐηε
1823 1612 1949 1662 libe-

243 1699 342 1732 .rae
393 1689 446 1730 et
492 1682 752 1728 immunes.
837 1679 983 1739 Quod
1037 1681 1120 1741 qui
1157 1681 1270 1728 fieri
1309 1682 1368 1728 ab
1409 1697 1470 1728 eo
1510 1683 1582 1730 sic
1622 1687 1863 1746 potuerit,
1904 1685 1948 1733 si

251 1768 359 1803 rem
404 1758 640 1802 accurate
676 1751 945 1811 aestimem,
985 1765 1081 1798 non
1121 1766 1241 1799 sane
1277 1749 1490 1800 difficile
1530 1755 1794 1803 intellectu
1833 1757 1948 1805 erit.

252 1825 384 1888 Quid
435 1823 608 1872 enim?
657 1838 820 1871 nonne
862 1837 954 1879 nos
1004 1822 1102 1886 ipsi
1153 1823 1329 1872 eodem
1383 1825 1532 1873 modo
1593 1842 1851 1875 versamur
1896 1829 1948 1877 in

252 1896 566 1946 informanda
607 1895 786 1942 summi
824 1894 1037 1942 miminis
1068 1895 1220 1943 inea?
1292 1895 1566 1944 Enimvero
1601 1900 1946 1963 concipientes

253 1971 419 2017 animo
460 1984 516 2015 ac
558 1973 728 2014 mente
768 1967 987 2029 speciem
1029 1972 1239 2014 naturae
1280 1967 1708 2030 perfectissimae,
1747 1971 1946 2032 qualem

253 2056 348 2095 neo
384 2040 595 2087 vidimus
644 2037 802 2085 oculis
851 2053 946 2085 nec
983 2038 1185 2086 auribus
1225 2042 1547 2102 percepimus
1584 2056 1677 2088 nec
1715 2043 1818 2090 ullo
1855 2057 1947 2091 un-

251 2128 400 2175 quam
452 2119 603 2159 sensu
653 2109 1105 2168 coutreetavinms,
1150 2116 1317 2158 tamen
1356 2112 1559 2159 minime
1595 2112 1815 2162 solemus
1855 2115 1947 2162 du-

253 2185 436 2242 bitare,
475 2197 591 2230 num
629 2180 766 2229 Deus
807 2193 985 2228 revera
1023 2181 1108 2239 sit,
1147 2181 1235 2228 sed
1274 2183 1344 2230 ita
1382 2183 1619 2245 profecto
1658 2200 1715 2231 se
1752 2185 1945 2234 habere

251 2255 398 2320 plane
436 2254 688 2301 credimus
728 2259 781 2301 et
829 2252 1141 2300 mintidimus,
1217 2253 1361 2315 Quod
1401 2255 1556 2318 igitur
1602 2255 1695 2302 hac
1734 2257 1783 2304 in
1822 2273 1878 2305 re
1915 2274 1944 2306 a

249 2328 395 2376 nobis
429 2322 654 2389 quotidie
693 2325 803 2372 fieri
838 2323 1001 2382 solet,
1038 2323 1155 2371 idne
1193 2340 1220 2372 a
1257 2325 1471 2374 Platone
1520 2328 1568 2374 in
1607 2327 1756 2375 simili
1794 2344 1944 2378 causa

249 2398 439 2447 factum
479 2413 595 2445 esse
645 2396 972 2443 mirabimur?
1061 2397 1133 2443 Ac
1173 2411 1237 2443 ne
1275 2397 1335 2444 ab
1376 2412 1434 2444 ea
1473 2391 1793 2462 philosophia
1830 2401 1940 2462 qui-

250 2470 364 2519 dem
416 2485 543 2531 qnae
590 2483 718 2515 nunc
768 2467 1095 2517 cummaxime
1144 2468 1309 2530 viget,
1360 2469 1537 2517 similis
1585 2472 1712 2518 ratio
1779 2471 1942 2520 aliena

252 2548 349 2591 est.
438 2541 619 2590 Nonne
666 2540 795 2587 euim
845 2554 1002 2602 prope
1042 2538 1221 2586 eodem
1260 2539 1409 2587 modo
1449 2542 1633 2588 versati
1671 2546 1817 2602 sunt,
1855 2543 1941 2605 qui

251 2621 426 2663 nostra
464 2619 634 2661 aetate
684 2610 997 2660 idealisnnun
1039 2626 1246 2673 purum,
1298 2627 1447 2674 quem
1486 2617 1696 2670 vocant,
1734 2613 1780 2660 in
1821 2630 1939 2662 rea-

248 2686 351 2734 lem
404 2684 720 2735 idealismum
768 2681 847 2729 vel
898 2682 1198 2729 obiectivum
1245 2694 1542 2731 convertere
1593 2683 1936 2733 studuerunt?

247 2757 350 2804 Sed
403 2772 465 2805 ne
502 2755 702 2804 Platoni
740 2760 938 2801 temere
975 2753 1231 2801 videamur
1274 2755 1573 2802 recentioris
1622 2757 1804 2804 aetatis
1844 2757 1936 2805 ob-

243 2830 461 2877 trusisse
508 2825 762 2890 cogitandi
799 2825 1148 2886 sentiendique
1185 2825 1432 2873 rationem
1472 2826 1742 2888 quandam,
1781 2842 1935 2890 porro

246 2902 394 2947 etiam
445 2898 709 2946 videndum
748 2902 871 2957 est„
924 2897 1008 2958 qui
1044 2896 1094 2943 fi<
1113 2895 1154 2942 ri
1193 2898 1553 2960 ita'potuerit,
1592 2904 1645 2946 ut
1682 2896 1767 2945 ille
1803 2898 1931 2948 ideis

243 2971 347 3018 suis
387 2987 495 3017 eam
547 2970 643 3020 v<im
683 2975 1009 3030 naturamque
1047 2968 1319 3028 tribueret,
1368 2984 1512 3031 quam
1551 2968 1612 3016 ab
1647 2983 1709 3015 eo
1746 2970 1807 3017 iis
1846 2976 1932 3019 at-

241 3042 479 3089 tributam
520 3048 766 3103 putamns.
840 3038 987 3100 Quod
1025 3038 1224 3101 qnidem
1264 3056 1323 3087 ex
1348 3037 1929 3104 historiae'testimoniis

241 3113 405 3174 iisque
456 3113 752 3160 certissimis
806 3111 1032 3158 videmur
1082 3110 1430 3159 demonstrare
1479 3126 1648 3175 posse.
1722 3110 1926 3163 Etenim

239 3183 505 3230 verissime
562 3199 590 3230 a
653 3183 769 3229 viris
834 3182 1000 3230 doctis
1064 3182 1381 3230 observatum
1463 3187 1545 3231 est
1612 3182 1922 3246 antiquiores

240 3253 552 3303 Graecorum
603 3253 933 3316 philosophos
981 3254 1165 3301 mentis
1219 3254 1573 3317 cogitationem
1611 3269 1703 3317 per
1740 3271 1798 3303 se
1835 3271 1920 3303 so-

240 3325 370 3386 lam,
409 3330 462 3371 et
503 3325 582 3371 eui
622 3324 744 3371 nihil
789 3333 926 3373 <sset
962 3324 1260 3383 subiectum,
1297 3324 1481 3385 nullam
1519 3326 1800 3389 agnovisse,
1826 3326 1918 3375 sed

236 3396 310 3446 ita
364 3396 530 3460 potius
573 3395 844 3452 statuisse,
902 3401 959 3443 ut
1006 3412 1115 3445 eam
1153 3411 1355 3460 semper
1389 3396 1537 3446 alicui
1573 3398 1648 3446 rei
1686 3403 1914 3461 tanquam
