2072 3698
142 189 144 194 ·
172 188 265 240 ‘ai
769 173 1316 242 ΡιιοιιιιιοΜιιΝΑ.

197 293 386 399 anima,
432 328 552 385 hino
587 342 687 381 non
723 345 901 397 parum
936 329 1000 379 ad
1047 311 1458 395 perspicuitatem
1493 327 1744 395 proficere
1779 329 1882 383 exi-

199 397 475 454 sumundu-
513 405 607 450 est.

865 635 1007 715 Cap.
1049 633 1218 693 VIII.

207 752 533 820 Quaedam
567 746 642 801 ad
675 747 974 801 Platonis
1012 749 1090 803 de
1122 751 1329 802 anima
1363 750 1588 803 mundi
1636 754 1895 800 senten-

419 835 692 890 tentiam
744 832 1221 888 illustrandam
1256 841 1686 902 exponuntur.

354 962 426 1015 Et
445 962 663 1029 primum
699 959 904 1026 quidem
937 967 1148 1028 apparet
1178 962 1443 1016 Platonem
1459 963 1902 1030 Pythagoreorum

213 1038 426 1088 animam
459 1032 756 1084 mundanam
779 1033 1012 1097 bifariam
1039 1035 1270 1085 divisisse
1299 1035 1354 1090 ἰιι
1388 1034 1566 1099 Βθιιιιι
1585 1042 1642 1084 et
1689 1035 1903 1087 animam

214 1106 403 1168 mundi,
427 1106 498 1156 ita
518 1107 575 1153 ut
600 1104 736 1168 quod
754 1104 829 1155 illi
851 1102 905 1157 in
921 1120 1020 1159 una
1044 1110 1221 1159 natura
1244 1107 1563 1162 coniunctum
1577 1107 1905 1171 putavissent,
1982 1134 1996 1152 ι

214 1179 272 1233 id
315 1178 430 1244 ipse
475 1175 669 1226 duabus
704 1177 898 1230 naturis
951 1177 1089 1230 inter
1135 1178 1270 1243 ipsas
1317 1178 1530 1228 diversis
1566 1177 1907 1243 assignaverit.

217 1249 493 1302 Enimvero
539 1247 802 1298 collocavit
845 1247 937 1298 ille
965 1247 1234 1300 manifesto
1272 1253 1496 1302 mentem
1530 1248 1744 1301 divinam
1775 1248 1908 1300 Ana-

179 1320 182 1323 ’
219 1335 473 1391 aragone,
520 1335 670 1382 quam
714 1316 875 1369 voluit
919 1335 1039 1370 esse
1081 1314 1184 1370 τὸν
1230 1318 1366 1370 νοῦν
1402 1313 1626 1371 πάντων
1660 1317 1910 1384 βασιλέα,

219 1393 357 1444 iuxta
403 1392 618 1443 animam
662 1390 987 1474 mundanam,
1017 1391 1092 1443 ita
1125 1391 1374 1457 quidem,'
1409 1395 1469 1443 ut
1501 1389 1639 1443 illam
1674 1390 1914 1440 eveheret

225 1463 292 1515 ad
339 1462 523 1514 summi
564 1462 780 1511 numinis
826 1462 1150 1528 dignitatem,
1194 1464 1327 1516 hanc
1379 1476 1502 1511 vero
1564 1460 1666 1528 ipsi
1724 1461 1913 1511 mundo

228 1538 466 1599 tanquam
502 1531 700 1583 aniinali
732 1533 1053 1594 attribueret
1091 1550 1254 1602 eoque
1289 1533 1440 1584 modo
1467 1533 1791 1598 Anaxagorae
1823 1533 1914 1582 do-

226 1605 441 1658 ctrinam
474 1619 588 1654 mun
621 1603 1060 1683 Pythagoreorum
1095 1607 1293 1655 ratione
1334 1604 1704 1670 sapientissime
1738 1619 1915 1653 conso-

231 1677 396 1730 ciavit.
466 1672 664 1725 Deinde
695 1665 1022 1726 manifestum
1054 1680 1136 1724 est
1179 1676 1471 1727 Platonicae
1513 1675 1687 1726 muudi
1723 1676 1918 1726 animae

233 1753 404 1800 ortum
450 1745 585 1796 fere
609 1746 825 1797 eundem
873 1762 1019 1806 esse,
1077 1746 1162 1811 qui
1196 1762 1228 1797 a
1278 1745 1617 1813 Pythagoreis
1669 1746 1919 1798 humanae

231 1819 428 1872 animae
463 1832 580 1869 esse
615 1818 900 1891 putabatur
973 1818 1266 1883 Composita
1299 1819 1432 1867 enim
1474 1819 1611 1883 apud
1654 1817 1921 1868 Platonem

231 1888 405 1943 mundi
474 1890 636 1942 anima
704 1895 785 1940 est
851 1905 915 1938 ex
973 1890 1227 1940 elemento
1293 1889 1468 1939 sensili
1525 1894 1677 1954 atque
1745 1895 1923 1941 natura

233 1961 429 2017 divina.
497 1960 646 2023 Quod
695 1962 739 2012 si
788 1960 1007 2025 quaeris
1034 1977 1125 2010 eur
1172 1961 1504 2027 philosophus
1550 1962 1622 2009 ita
1671 1962 1925 2021 statuerit,

233 2033 287 2087 111
325 2036 529 2099 promtu
564 2037 645 2081 est
696 2033 977 2099 responsio,
1060 2032 1188 2082 Nam
1224 2034 1440 2098 primum
1475 2032 1676 2096 quidem
1713 2033 1923 2081 animam

235 2103 410 2154 mundi
446 2118 547 2157 ιιυιι
596 2105 762 2168 potuit
796 2120 899 2155 non
931 2102 1103 2153 facere
1137 2103 1318 2164 talem,
1357 2120 1483 2167 quae
1519 2104 1720 2157 numine
1758 2104 1923 2154 divino

234 2176 350 2244 ipsa
392 2178 571 2229 natura
617 2191 708 2225 sua
750 2180 889 2226 esset
922 2174 1162 2236 infel-ion
1205 2175 1391 2227 deinde
1425 2190 1487 2224 ea
1521 2175 1769 2234 mundano
1808 2191 1920 2224 cor-

237 2247 354 2314 pori
396 2249 627 2313 praeest,
658 2247 759 2296 eui
811 2245 1045 2312 profecto
1092 2247 1165 2296 ita
1215 2247 1416 2301 demum
1461 2246 1602 2310 iungi
1648 2246 1839 2311 potuit,
1878 2247 1923 2296 si

237 2319 352 2384 ipsa
399 2320 541 2368 esset
585 2318 634 2369 ei
680 2317 856 2368 similis
902 2318 1068 2382 aliqua
1102 2319 1181 2367 sui
1217 2323 1378 2384 parte.
1448 2317 1617 2381 Atque
1652 2319 1778 2367 haec
1816 2318 1923 2382 qni-

240 2390 361 2441 dem
406 2404 561 2453 quum
603 2404 666 2438 ex
712 2389 1059 2456 superloribus
1094 2389 1231 2443 nullo
1268 2389 1474 2455 negotio
1507 2389 1723 2454 intelligi
1758 2389 1923 2449 liceat,

178 2508 182 2512 ,
242 2465 352 2518 tum
388 2460 540 2517 etiam
573 2459 700 2516 illud
734 2477 866 2516 nunc
900 2460 1223 2514 manifestum
1258 2462 1358 2510 erit
1380 2460 1627 2519 omnibu8‚
1665 2460 1821 2524 qualis
1859 2461 1927 2510 sit

240 2533 453 2587 materia
498 2532 624 2592 ista,
674 2548 739 2583 ex
782 2548 878 2617 qna
910 2534 1072 2586 anima
1105 2533 1279 2582 mundi
1326 2531 1540 2582 conflata
1574 2547 1690 2581 esse
1729 2533 1925 2586 dieitur.

241 2602 552 2671 Pythagmei
610 2604 743 2653 enim
795 2606 967 2655 aerem
1026 2621 1137 2653 eam
1188 2603 1456 2659 voluerunt
1515 2618 1630 2651 esse
1688 2603 1768 2657 vel
1822 2605 1926 2652 ain-i

243 2674 567 2733 consimilem
637 2675 787 2725 Unde
824 2692 1002 2728 rursus
1035 2674 1334 2739 intelligitur
1368 2689 1488 2724 vera
1523 2688 1638 2722 esse
1679 2690 1805 2737 qnae
1840 2691 1925 2723 su-

246 2762 340 2812 pra
390 2747 455 2799 de
503 2762 774 2811 corponun
824 2747 1034 2798 materia
1086 2761 1150 2795 ex
1184 2750 1356 2803 mente
1389 2745 1613 2792 Platonis
1652 2745 1897 2811 disputa}
1886 2761 1925 2793 ι-

246 2833 372 2866 mus.
456 2817 636 2881 Neque
682 2819 815 2877 enim
862 2818 1181 2883 cogitandum
1228 2822 1311 2877 est
1369 2815 1432 2866 de
1482 2831 1650 2864 crassa
1694 2823 1929 2867 terrenae

246 2889 486 2946 materiae
522 2890 860 2949 concretione,
895 2890 989 2947 sed
1021 2888 1389 2958 informandum
1432 2891 1514 2936 est
1534 2892 1703 2945 mente
1739 2889 1927 2951 cogita-

246 2958 351 3007 bile
390 2961 639 3023 quoddam
673 2962 781 3013 eius
820 2961 1158 3022 substratum,
1203 2951 1439 3011 terrenae
1473 2959 1712 3015 materiae
1760 2960 1930 3024 dispar

251 3032 469 3093 quidem,
499 3030 590 3080 sed
626 3033 734 3083 eius
774 3029 916 3098 quasi
950 3032 1147 3086 initium
1169 3038 1320 3095 atque
1357 3029 1485 3079 fons
1571 3029 1615 3076 14]
1619 3045 1648 3077 x
1683 3031 1783 3078 hoc
1818 3031 1929 3095 ipso

250 3106 418 3157 autem
471 3120 646 3152 rursus
707 3100 833 3154 illud
880 3104 979 3154 erit
1023 3104 1374 3168 perspicuum4
1422 3101 1508 3163 qui
1539 3101 1652 3149 fieri
1690 3103 1929 3166 potuerit,

250 3177 309 3220 ut
356 3172 498 3221 Plato
548 3175 762 3236 animas,
815 3175 1127 3238 quantumvis
1173 3189 1236 3223 ex
1275 3171 1502 3238 partibus
1537 3173 1803 3232 conflatas,
1854 3179 1929 3230 ta-

251 3258 368 3300 men
402 3243 654 3307 simplices
682 3263 749 3294 ac
784 3246 1127 3303 dissolutionis
1154 3245 1348 3301 nescias
1378 3258 1493 3297 esso
1529 3244 1774 3299 voluerit:
1805 3259 1931 3308 quae

253 3329 373 3363 sane
411 3315 572 3378 primo
611 3323 750 3364 uerte
786 3318 1044 3382 *adspectu
1092 3318 1225 3375 inter
1261 3331 1318 3364 se
1366 3314 1575 3371 adversa
1624 3314 1791 3373 fronte
1839 3331 1930 3378 pu-

252 3388 408 3449 gnare
443 3385 689 3438 videntur.
750 3388 1094 3438 Veruntamen
1118 3387 1252 3438 salva
1275 3401 1360 3445 res
1397 3382 1493 3445 est,
1532 3387 1576 3434 si
1610 3388 1761 3436 modo
1794 3402 1933 3436 men-
